3624 5556
868 929 894 993 I.

455 1087 602 1179 Versio
635 1087 765 1178 latine
798 1087 966 1204 antiqua
996 1087 1139 1204 prioris
1170 1087 1308 1204 punis,

654 1249 689 1324 id
717 1258 768 1324 est
796 1249 944 1345 sapitum
972 1249 1106 1324 I-VI.

332 1447 417 1510 Haec
441 1447 527 1510 tectio
543 1453 643 1512 enstot
665 1469 757 1530 super
773 1449 794 1509 3
809 1447 891 1526 folia
905 1467 1095 1531 peruamena
1114 1449 1231 1529 scripta
1251 1448 1284 1508 in
1299 1447 1400 1509 codice
1421 1446 1518 1510 latinio

241 1539 342 1619 reciae
373 1536 566 1600 bibliothecae
589 1536 785 1600 Monacensis
810 1538 897 1598 6264
922 1536 1010 1614 (otim
1034 1537 1207 1618 Frisinyen.
1233 1534 1289 1606 64)
1313 1534 1427 1598 soeculi
1446 1535 1518 1610 XI;

241 1626 297 1708 fot.
314 1628 378 1690 102
400 1647 428 1687 u.
444 1627 575 1690 continet
591 1628 632 1688 15
648 1625 755 1704 lineus,
779 1625 835 1706 fot.
852 1627 916 1688 103
931 1647 957 1687 r.
978 1627 1021 1688 40
1036 1625 1143 1701 tineas,
1166 1624 1222 1704 fol.
1239 1626 1302 1688 103
1318 1645 1344 1686 e.
1362 1625 1383 1686 3
1399 1623 1519 1701 lincas;

241 1735 360 1778 sicinina
390 1713 543 1778 linearum
571 1715 623 1793 58,
655 1733 787 1796 quornm
816 1735 1061 1798 unamquamque
1090 1713 1263 1778 litterarum
1286 1713 1431 1795 tincturis
1454 1733 1518 1774 ocr-

242 1805 406 1886 borumque
429 1803 537 1867 solutis
561 1801 840 1866 abbreviationibus
863 1802 995 1882 fideliter
1017 1809 1045 1868 et
1071 1810 1211 1867 accurate
1233 1803 1442 1884 transsumpsi,
1466 1802 1519 1864 sect

241 1893 444 1975 imprimendo
473 1891 509 1956 ob
532 1891 672 1956 obortura
700 1893 863 1956 arctiorem
884 1891 1065 1976 plerunque
1092 1912 1129 1954 eu
1150 1913 1215 1954 una
1242 1891 1321 1955 duas
1348 1911 1394 1953 ure
1417 1890 1520 1969 facere

242 1981 407 2065 annuebat,
416 1983 462 2046 ita
471 1988 581 2061 tannen,
591 1986 624 2046 ut
633 1981 733 2046 alteru
743 2001 875 2063 uticeque
886 1982 1092 2046 desinatsicut
1101 1983 1131 2042 in
1142 1982 1350 2064 manuscripto
1361 1979 1519 2062 oriuinati.

641 2173 738 2238 Otrn.
759 2173 871 2238 6264
886 2176 962 2254 fot.
987 2176 1069 2238 102
1092 2193 1125 2238 u.

241 2333 333 2397 VIII.
359 2331 420 2395 DE
444 2331 669 2396 DOCTRINA
692 2332 1044 2398 IIPOSTOLORUMJ
1093 2333 1154 2416 Via
1174 2333 1237 2416 due
1260 2337 1337 2397 sunt
1360 2331 1393 2396 in
1413 2333 1519 2413 seculo

330 2439 400 2521 vite
424 2445 458 2504 et
482 2439 605 2504 morbis.

240 2545 320 2611 lucis
346 2549 380 2609 eb
402 2547 620 2610 tenebrarum.
660 2547 700 2609 In
723 2546 773 2610 his
797 2546 967 2611 constituti
991 2552 1068 2612 sunt
1091 2546 1197 2628 angeli
1219 2546 1291 2611 dno.
1328 2563 1411 2610 unus
1436 2543 1520 2624 equi·

331 2651 421 2716 tabis.
469 2653 555 2717 alter
576 2651 714 2732 iniquita

241 2760 293 2824 bis.
341 2758 508 2824 Distentis
539 2764 649 2824 autem
679 2779 797 2841 mngnu
829 2765 878 2824 est
907 2760 1043 2824 duarum
1070 2759 1206 2827 viarum.
1253 2758 1315 2822 Via
1345 2777 1420 2840 ergo
1450 2756 1520 2838 vite

329 2866 390 2947 hee
413 2871 473 2930 est.
520 2865 628 2930 Primo
653 2865 766 2947 diliges

240 2973 335 3038 deum
360 2977 507 3058 eternum
532 2971 587 3052 qui
610 2981 644 3036 be
667 2971 759 3036 fecit!
800 2972 944 3037 Secundo
967 2973 1146 3053 proximum
1170 2978 1262 3040 buum
1285 2977 1324 3037 ut
1347 2977 1381 3037 te
1402 2973 1517 3054 ipsum.

330 3080 433 3146 Omne
456 3085 566 3144 autem
590 3079 674 3159 quod
697 3078 757 3142 tibi

240 3187 310 3253 fieri
334 3207 397 3253 non
420 3187 480 3254 vis.
528 3183 605 3251 ulii2
637 3183 869 3250 non³fece1is
921 3186 1155 3266 interpretatio
1179 3191 1289 3251 autem
1312 3187 1425 3250 horum
1449 3204 1519 3253 ver-

327 3298 441 3360 borum
463 3296 524 3379 hec
547 3290 625 3358 est.4²
668 3293 740 3358 Non
763 3294 917 3357 mechabe

239 3402 295 3466 ris,
343 3421 406 3466 non
433 3400 638 3468 homicidium
665 3398 774 3464 facies.
822 3419 885 3463 non
915 3399 1032 3464 fulsum
1063 3398 1282 3466 testimoninm
1313 3398 1408 3463 dices
1455 3418 1518 3462 non

329 3528 465 3589 puerum
488 3503 693 3573 uiolaberis⁵.
740 3526 804 3570 non

239 3615 459 3680 fornicaberis.
484 3635 548 3679 non
571 3613 696 3696 magica
718 3612 827 3677 facies.
861 3632 924 3677 non
947 3612 1182 3678 medicamenta
1204 3613 1289 3677 mala
1313 3611 1422 3677 facies.
1455 3631 1519 3677 non

329 3722 454 3787 occides
476 3721 577 3788 fiiivm

238 3829 272 3894 in
296 3835 456 3895 euentum.
491 3848 550 3893 nec
577 3832 691 3892 natum
719 3826 872 3892 succides.
904 3845 968 3890 non
996 3826 1199 3906 concupisces
1223 3826 1392 3906 quicquum
1421 3826 1461 3890 de
1483 3846 1520 3891 re

330 3936 465 4017 proximi
489 3935 546 4000 bui.
594 3955 658 4000 non

239 4043 412 4124 peiurabis.
459 4062 523 4106 non
546 4042 631 4106 male
652 4040 802 4120 loqueris.
849 4060 912 4104 non
938 4039 1001 4104 eris
1024 4060 1145 4105 memor
1168 4041 1323 4105 malorum
1346 4039 1516 4104 factorum.

328 4169 388 4214 nec
411 4148 474 4214 eris
498 4149 616 4228 duplex

238 4255 272 4320 in
295 4255 461 4323 consilinm
484 4255 634 4320 dandum.
670 4274 775 4334 neque
797 4241 957 4336 bilinguis.
994 4254 1202 4320 Tendieulvm
1226 4253 1310 4318 enim
1333 4252 1446 4317 mortis
1468 4257 1519 4317 est

327 4362 447 4443 lingua.
493 4363 565 4427 Non
590 4361 653 4426 erit

330 4537 339 4566 ¹
358 4535 497 4590 Numerus
509 4537 576 4590 VIII
595 4541 620 4590 et
640 4536 695 4589 tria
714 4536 795 4589 uerba
813 4537 953 4604 sequentia
966 4540 1108 4604 tamqnam
1127 4537 1223 4590 titulus
1236 4535 1334 4589 litteris
1353 4535 1518 4604 capitalibus

239 4624 373 4692 rubroque
386 4625 587 4693 colorescripta
600 4629 672 4678 sunt.
700 4624 764 4678 ²‘ta
777 4626 930 4678 coereuiti.
945 4643 1045 4679 manus
1058 4626 1178 4679 3303303
1191 4626 1253 4680 alio.
1281 4625 1395 4681 ”fleca
1424 4624 1518 4678 ⁴baec

239 4714 350 4766 boerba
369 4714 489 4767 radendo
504 4714 628 4782 priorem
647 4715 785 4768 lectionem
803 4717 828 4767 2.
842 4731 877 4766 nu
898 4715 1000 4768 atriore
1018 4715 1104 4768 colore
1118 4714 1222 4782 pinsit.
1254 4714 1265 4744 ⁵
1283 4715 1348 4768 baec
1367 4715 1423 4770 teia
1440 4714 1517 4768 uerba

235 4803 354 4870 pudoris
372 4820 456 4857 causa
475 4820 493 4855 a
511 4805 535 4856 3.
550 4820 636 4856 mann
654 4803 796 4871 superbiter,
816 4803 861 4856 sect
879 4820 935 4856 non
950 4820 1066 4872 prorsus
1084 4804 1170 4857 deleta
1188 4808 1260 4858 sient.
