3624 5556
307 367 369 457 134
854 379 1031 434 Documenta.

393 561 533 622 Gratiam
555 566 586 623 et
601 560 842 622 misericordiam
864 560 986 621 domini
1008 561 1107 621 nostri
1130 560 1202 621 Iesu
1222 559 1337 621 Christi
1360 578 1455 636 quam
1478 561 1583 638 generi

304 667 608 733 contulithumano,
644 667 782 729 Hraban.
820 669 863 729 M.
891 671 962 742 110,
989 670 1061 728 226.
1100 667 1136 728 G.
1165 671 1225 728 139
1290 715 1296 727 .
1345 714 1351 728 .
1402 713 1408 726 .
1458 713 1464 726 .
1537 669 1578 726 28

306 807 308 810 ·
394 775 515 836 Gratias
546 774 603 836 deo
634 775 778 837 salvatori
809 781 925 850 nostro,
957 778 1012 854 qui
1041 795 1099 836 nos
1131 794 1223 836 sanos
1246 774 1406 852 pervenire
1431 774 1581 850 permisit.

305 883 490 943 Bonifatius.
526 883 568 943 M.
595 886 646 960 89,
673 886 735 944 868
795 928 1469 947 .............
1541 882 1579 939 81

393 988 553 1051 Hodierna
576 989 634 1064 die,
665 990 774 1052 iratres
798 991 958 1064 carissimi,
990 994 1026 1050 ut
1048 988 1238 1064 audivimus,
1266 1007 1338 1049 cum
1361 987 1451 1048 lectio
1474 986 1582 1047 divina

304 1095 463 1174 legeretur,
487 1095 635 1157 dominus
658 1101 689 1157 et
711 1097 844 1158 salvator
866 1101 971 1158 noster
999 1117 1017 1158 1
1035 1097 1176 1158 Iohanne
1198 1097 1233 1156 in
1256 1093 1387 1157 Iordane
1410 1094 1583 1172 baptizatus

306 1206 361 1264 est.
397 1203 604 1280 Augustinus.
639 1205 673 1264 L.
700 1207 751 1265 20.
788 1204 825 1266 G.
851 1208 892 1264 29
963 1250 1470 1265 ..........
1542 1204 1581 1261 23

395 1310 599 1386 Hodiemam,
616 1310 820 1380 dilectissimi,
835 1313 1035 1373 festiutatem
1047 1316 1112 1372 toto
1127 1316 1278 1372 terrarum
1294 1309 1366 1371 orbe
1377 1308 1583 1370 venerabilem

306 1416 358 1478 ille
383 1418 414 1478 S.
428 1417 562 1495 Spiritus
587 1421 776 1479 consecravit
794 1418 956 1481 adventus.
981 1420 1120 1481 Hraban.
1146 1419 1188 1480 M.
1205 1422 1277 1493 110,
1297 1422 1375 1489 411;
1400 1417 1453 1478 cfr.
1470 1417 1512 1477 M.
1531 1419 1582 1488 54,

309 1526 394 1585 255.-
420 1524 457 1585 G.
485 1529 545 1585 149
577 1571 1472 1587 .................
1543 1527 1582 1584 29

394 1631 497 1691 Hodie
520 1632 717 1710 incipiamus,
743 1634 904 1707 carissimi,
928 1633 966 1694 de
989 1635 1087 1694 crucis
1111 1633 1258 1711 trophaeo
1282 1631 1466 1710 praedicare.
1502 1633 1582 1708 Aug.

307 1739 344 1799 A.
370 1738 441 1798 Mai.
482 1738 569 1798 Nova
590 1737 665 1800 bibl.
690 1740 738 1799 PP
761 1741 786 1814 I,
815 1744 886 1802 156.
927 1741 964 1802 G.
992 1745 1052 1800 111

310 1852 312 1858 '
395 1845 569 1922 Ingressuri
592 1847 696 1924 igitur,
720 1846 924 1923 dilectissimi,
947 1846 1012 1908 dies
1035 1849 1182 1926 mysticos
1206 1852 1237 1908 et
1254 1845 1455 1925 purificandis
1470 1846 1588 1906 animis,

307 1955 400 2029 atque
422 1952 609 2029 corporibus.
642 1953 865 2032 Hieronymus.
898 1956 940 2015 M.
960 1959 1010 2028 30,
1031 1958 1112 2026 7863
1141 1955 1444 2028 11111154275.
1476 1952 1514 2013 G.
1533 1954 1583 2012 50.

1545 2062 1585 2118 24

396 2165 436 2225 In
465 2165 596 2226 lectione
623 2170 750 2227 actuum
780 2168 991 2246 apostolorum
1022 2187 1101 2246 quae
1131 2187 1218 2228 nunc
1248 2167 1288 2228 ob
1311 2169 1494 2228 memoriam
1518 2166 1586 2226 bea·

308 2276 411 2332 torum
440 2272 651 2351 apostolorum
681 2273 759 2335 lecta
790 2280 845 2336 est.
884 2275 1023 2337 Hraban.
1064 2276 1106 2336 M.
1135 2279 1207 2350 110,
1233 2279 1307 2336 347.
1347 2275 1384 2336 G.
1412 2277 1473 2334 186
1545 2276 1586 2334 30

397 2379 436 2439 ln
451 2378 583 2440 lectione
598 2381 765 2459 apostolica
781 2401 876 2459 quarn
894 2381 1036 2456 audistis,
1062 2383 1214 2443 carissimi
1227 2382 1328 2456 nobis,
1353 2384 1513 2442 ammonet
1528 2399 1586 2440 nos

308 2485 476 2563 apostolus,
501 2505 628 2546 cursum
651 2487 746 2548 huius
770 2489 861 2563 vitae,
885 2507 979 2566 (11111
1001 2489 1145 2564 facimus,
1169 2488 1329 2566 quamdiu.
1361 2489 1585 2566 Hieronymus.

310 2592 346 2653 G.
373 2596 413 2652 39
463 2641 1472 2657 ...................
1544 2596 1585 2654 23

398 2700 436 2759 In
460 2698 591 2760 lectione
613 2720 709 2778 quam
731 2701 872 2776 audistis,
904 2702 1012 2763 tratres
1036 2703 1198 2777 carissimi,
1230 2703 1323 2781 digne
1345 2722 1403 2763 nos
1427 2703 1587 2762 vocatione

310 2805 417 2868 divina
440 2806 528 2867 docet
550 2807 690 2868 incedere
713 2809 871 2886 apostolus
895 2808 1011 2870 dicens.
1050 2811 1084 2871 L.
1112 2814 1162 2870 79.
1203 2810 1241 2871 G.
1267 2814 1362 2870 223.
1413 2817 1424 2870 .“
1468 2857 1473 2869 .
1545 2811 1585 2868 32

335 2922 337 2934 ²
398 2915 438 2974 Iu
468 2914 614 2976 omnibus
646 2917 806 2994 scripturis
829 2916 955 2992 divinis,
986 2918 1094 2978 iratres
1118 2917 1279 2990 carissimi,
1311 2915 1428 2976 utiliter
1450 2933 1486 2975 ac
1509 2913 1586 2975 salu-

310 3020 405 3082 briter
427 3021 642 3083 admonemur.
678 3024 887 3100 Augustinus.
928 3025 990 3085 Cfr.
1016 3025 1058 3084 M.
1085 3028 1137 3098 39,
1163 3027 1259 3084 2212.
1299 3023 1336 3084 G.
1364 3025 1404 3083 84
1469 3069 1474 3082 .
1546 3023 1586 3079 25

399 3129 439 3188 11
468 3130 623 3207 praesenti
652 3129 783 3190 lectione
814 3129 955 3203 audistis,
986 3131 1095 3191 fratres
1119 3131 1279 3204 carissimi,
1308 3128 1392 3207 quod
1415 3127 1523 3188 beatus
1548 3127 1588 3186 sit

311 3236 389 3312 qui.
409 3282 441 3296 ..
466 3254 531 3295 non
547 3237 628 3297 iecit.
663 3237 892 3315 interrogemus
908 3238 1016 3298 iratres
1032 3238 1246 3298 conscientias.
1273 3237 1440 3314 Augustin.
1467 3236 1503 3296 G.
1524 3237 1585 3294 282

1517 3369 1519 3372 ·
1547 3345 1586 3402 35

310 3495 312 3500 ,
400 3450 440 3509 In
463 3453 618 3527 praesenti
640 3450 770 3511 lectione
786 3471 840 3529 per
855 3452 1039 3530 prophetam
1054 3471 1112 3512 nos
1128 3452 1276 3512 dominus
1299 3449 1448 3511 admonet
1470 3448 1586 3510 dicens.

312 3557 534 3635 Hieronymus.
572 3557 615 3617 M.
641 3561 692 3631 24,
718 3561 793 3618 468.
831 3559 868 3619 G.
895 3562 974 3624 89,
1025 3607 1030 3618 .
1080 3606 1085 3619 .
1135 3607 1141 3620 .
1192 3606 1197 3619 .
1247 3613 1253 3624 ,
1303 3609 1308 3618 .
1359 3607 1364 3618 .
1414 3605 1420 3618 .
1470 3606 1475 3617 .
1547 3559 1587 3614 25

401 3664 441 3726 11
471 3666 626 3742 praesenti
657 3664 797 3740 lectione,
830 3685 926 3743 quam
949 3665 1090 3740 audistis,
1123 3665 1317 3726 dilectissimi
1340 3664 1442 3739 nobis,
1473 3663 1590 3723 lectum

313 3774 360 3830 est
382 3769 421 3830 de
444 3770 598 3832 Susanna.
646 3771 683 3832 G.
710 3776 749 3832 76
803 3819 1475 3834 .............
1548 3774 1587 3830 25

402 3878 526 3938 intente
556 3883 676 3957 oportet
704 3879 820 3955 audire,
851 3879 959 3941 iratres
983 3881 1144 3955 carissimi,
1178 3879 1401 3958 diligenterque
1424 3879 1590 3939 memoriae

313 3984 530 4045 commendare
560 3985 656 4046 simul
686 3991 716 4046 et
746 3985 890 4064 operibus
921 3985 1099 4065 adimplere.
1151 3969 1358 4064 Augustinus,
1409 3986 1588 4046 Hrabanus.

314 4091 356 4152 M.
384 4094 456 4165 110,
482 4095 555 4153 292.
596 4092 633 4153 G.
662 4096 722 4153 158
749 4141 1476 4156 ..............
1548 4095 1588 4152 29

299 4209 302 4213 '
402 4198 489 4259 Inter
511 4204 609 4261 cetera
626 4199 775 4260 beneficia
797 4200 918 4261 domini
942 4205 972 4261 et
987 4201 1146 4262 salvatoris
1162 4203 1270 4274 nostri,
1294 4201 1403 4261 iratres
1427 4201 1588 4273 carissimi,

311 4305 428 4383 'quibus
452 4325 524 4366 suos
547 4306 652 4368 fideles
675 4306 772 4368 ditare
795 4307 941 4386 dignatus
965 4312 1012 4369 est
1081 4356 1087 4368 .
1136 4359 1142 4369 .
1192 4358 1198 4370 .
1248 4358 1253 4370 .
1303 4358 1309 4370 .
1359 4357 1364 4395 :
1415 4357 1421 4369 .
1470 4357 1476 4368 .
1548 4311 1587 4367 37

403 4415 490 4475 inter
518 4415 641 4490 omnia,
677 4414 887 4492 dilectissimi,
905 4435 1021 4479 ,sacrae
1052 4417 1220 4495 scripturae
1249 4417 1411 4490 instituta,
1443 4435 1522 4494 quac
1552 4435 1591 4476 ex

315 4519 439 4582 divinae
461 4523 674 4600 inspirationis
698 4523 785 4584 fonte
807 4529 986 4585 manarunt.
1016 4525 1086 4584 Leo.
1116 4523 1158 4584 M.
1177 4526 1229 4599 54,
1245 4527 1321 4585 421.
1359 4524 1396 4585 G.
1417 4527 1478 4585 167
1549 4527 1588 4583 29

403 4629 582 4690 Lectionem
611 4629 752 4692 divinam
781 4650 860 4709 (1111
890 4631 1016 4692 auribus
1048 4632 1156 4692 vestris
1186 4633 1337 4705 insonuit,
1369 4631 1477 4692 tratres
1501 4630 1589 4692 dilee-

315 4736 440 4808 tissimi,
469 4737 591 4798 intento
622 4737 711 4798 corde
741 4742 771 4798 et
802 4736 932 4799 sollicita
960 4743 1067 4799 'mente
1098 4737 1290 4798 considerare
1321 4736 1448 4799 debetis.
1497 4736 1589 4799 Beda.

315 4844 350 4903 L.
376 4845 428 4904 82.
476 4843 513 4904 G.
540 4846 602 4904 238
638 4889 653 4905 .,
694 4891 1477 4906 ...............
1549 4848 1588 4905 33
