<?xml version="1.0" encoding="UTF-8"?>
<!DOCTYPE html PUBLIC "-//W3C//DTD XHTML 1.0 Transitional//EN"
    "http://www.w3.org/TR/xhtml1/DTD/xhtml1-transitional.dtd">
<html xmlns="http://www.w3.org/1999/xhtml" xml:lang="en" lang="en">
 <head>
  <title>
</title>
<meta http-equiv="Content-Type" content="text/html;charset=utf-8" />
  <meta name='ocr-system' content='tesseract 3.04.00' />
  <meta name='ocr-capabilities' content='ocr_page ocr_carea ocr_par ocr_line ocrx_word'/>
</head>
<body>
  <div class='ocr_page' id='page_1' title='image "./doctrinaxiiapos00schlgoog_0055.png"; bbox 0 0 3630 5568; ppageno 0'>
   <div class='ocr_carea' id='block_1_1' title="bbox 302 390 1181 470">
    <p class='ocr_par' dir='ltr' id='par_1_1' title="bbox 302 390 1181 470">
     <span class='ocr_line' id='line_1_1' title="bbox 302 390 1181 470; baseline 0.005 -20"><span class='ocrx_word' id='word_1_1' title='bbox 302 390 343 450; x_wconf 81' lang='grc'>34</span> <span class='ocrx_word' id='word_1_2' title='bbox 694 401 730 454; x_wconf 88' lang='grc' dir='ltr'>ΙΙ.</span> <span class='ocrx_word' id='word_1_3' title='bbox 750 402 800 455; x_wconf 89' lang='lat' dir='ltr'>Die</span> <span class='ocrx_word' id='word_1_4' title='bbox 818 401 974 470; x_wconf 87' lang='lat' dir='ltr'>Freisinger</span> <span class='ocrx_word' id='word_1_5' title='bbox 994 401 1181 455; x_wconf 84' lang='lat' dir='ltr'>Handsohriit.</span> 
     </span>
    </p>
   </div>
   <div class='ocr_carea' id='block_1_2' title="bbox 299 579 1580 2694">
    <p class='ocr_par' dir='ltr' id='par_1_2' title="bbox 299 579 1580 876">
     <span class='ocr_line' id='line_1_2' title="bbox 408 579 1580 661; baseline 0.002 -17"><span class='ocrx_word' id='word_1_6' title='bbox 408 581 520 645; x_wconf 91' lang='lat' dir='ltr'>Monet</span> <span class='ocrx_word' id='word_1_7' title='bbox 535 599 594 645; x_wconf 91' lang='lat' dir='ltr'>nos</span> <span class='ocrx_word' id='word_1_8' title='bbox 607 586 641 645; x_wconf 93' lang='lat' dir='ltr'>et</span> <span class='ocrx_word' id='word_1_9' title='bbox 657 582 849 646; x_wconf 72' lang='lat' dir='ltr'>exhortatur</span> <span class='ocrx_word' id='word_1_10' title='bbox 861 581 1037 661; x_wconf 91' lang='lat' dir='ltr'>apostolus,</span> <span class='ocrx_word' id='word_1_11' title='bbox 1057 579 1179 645; x_wconf 87' lang='lat' dir='ltr'>iratres</span> <span class='ocrx_word' id='word_1_12' title='bbox 1191 580 1363 658; x_wconf 82' lang='lat' dir='ltr'><strong>karissimi,</strong></span> <span class='ocrx_word' id='word_1_13' title='bbox 1385 581 1580 647; x_wconf 89' lang='lat' dir='ltr'>mortificare</span> 
     </span>
     <span class='ocr_line' id='line_1_3' title="bbox 299 687 1580 771; baseline 0.001 -19"><span class='ocrx_word' id='word_1_14' title='bbox 299 688 334 752; x_wconf 95' lang='lat' dir='ltr'>in</span> <span class='ocrx_word' id='word_1_15' title='bbox 366 687 603 768; x_wconf 76' lang='lat' dir='ltr'><strong>nobismetipsis</strong></span> <span class='ocrx_word' id='word_1_16' title='bbox 626 687 709 754; x_wconf 91' lang='lat' dir='ltr'>vitia</span> <span class='ocrx_word' id='word_1_17' title='bbox 732 693 766 752; x_wconf 90' lang='lat' dir='ltr'>et</span> <span class='ocrx_word' id='word_1_18' title='bbox 788 692 930 769; x_wconf 90' lang='lat' dir='ltr'>peccata,</span> <span class='ocrx_word' id='word_1_19' title='bbox 957 687 984 752; x_wconf 90' lang='lat' dir='ltr'>si</span> <span class='ocrx_word' id='word_1_20' title='bbox 1007 688 1049 753; x_wconf 94' lang='lat' dir='ltr'>ad</span> <span class='ocrx_word' id='word_1_21' title='bbox 1072 692 1239 752; x_wconf 81' lang='lat' dir='ltr'>aeternam</span> <span class='ocrx_word' id='word_1_22' title='bbox 1273 687 1418 769; x_wconf 89' lang='lat' dir='ltr'>cupimus</span> <span class='ocrx_word' id='word_1_23' title='bbox 1445 689 1580 771; x_wconf 85' lang='lat' dir='ltr'>gloriam</span> 
     </span>
     <span class='ocr_line' id='line_1_4' title="bbox 301 794 480 876; baseline -0.006 -17"><span class='ocrx_word' id='word_1_24' title='bbox 301 794 480 876; x_wconf 88' lang='lat' dir='ltr'>pervenire.</span> 
     </span>
    </p>

    <p class='ocr_par' dir='ltr' id='par_1_3' title="bbox 302 897 1580 1089">
     <span class='ocr_line' id='line_1_5' title="bbox 410 897 1580 988; baseline 0.002 -21"><span class='ocrx_word' id='word_1_25' title='bbox 410 907 452 967; x_wconf 85' lang='grc'>78</span> <span class='ocrx_word' id='word_1_26' title='bbox 464 897 479 965; x_wconf 90' lang='grc'>’.</span> <span class='ocrx_word' id='word_1_27' title='bbox 527 903 711 988; x_wconf 79' lang='lat' dir='ltr'>Zcitcnpobo</span> <span class='ocrx_word' id='word_1_28' title='bbox 732 904 818 987; x_wconf 79' lang='lat' dir='ltr'>fehlt.</span> <span class='ocrx_word' id='word_1_29' title='bbox 866 902 918 967; x_wconf 85' lang='lat' dir='ltr'>Ad</span> <span class='ocrx_word' id='word_1_30' title='bbox 942 901 1157 966; x_wconf 83' lang='lat' dir='ltr'>Colossenses.</span> <span class='ocrx_word' id='word_1_31' title='bbox 1194 901 1341 981; x_wconf 78' lang='lat' dir='ltr'>Fratres</span> <span class='ocrx_word' id='word_1_32' title='bbox 1373 902 1499 968; x_wconf 86' lang='lat' dir='ltr'>induite</span> <span class='ocrx_word' id='word_1_33' title='bbox 1521 924 1580 971; x_wconf 79' lang='lat' dir='ltr'>ros</span> 
     </span>
     <span class='ocr_line' id='line_1_6' title="bbox 302 1007 826 1089; baseline 0 -16"><span class='ocrx_word' id='word_1_34' title='bbox 302 1008 386 1073; x_wconf 91' lang='lat' dir='ltr'>sicut</span> <span class='ocrx_word' id='word_1_35' title='bbox 409 1008 503 1073; x_wconf 89' lang='lat' dir='ltr'>electi</span> <span class='ocrx_word' id='word_1_36' title='bbox 526 1007 596 1073; x_wconf 90' lang='lat' dir='ltr'>Dei.</span> <span class='ocrx_word' id='word_1_37' title='bbox 646 1012 710 1075; x_wconf 79' lang='lat' dir='ltr'>Col.</span> <span class='ocrx_word' id='word_1_38' title='bbox 728 1015 759 1089; x_wconf 82' lang='lat'>3,</span> <span class='ocrx_word' id='word_1_39' title='bbox 781 1013 826 1074; x_wconf 82' lang='grc'>12.</span> 
     </span>
    </p>

    <p class='ocr_par' dir='ltr' id='par_1_4' title="bbox 301 1115 1580 1304">
     <span class='ocr_line' id='line_1_7' title="bbox 408 1115 1580 1195; baseline 0.002 -15"><span class='ocrx_word' id='word_1_40' title='bbox 408 1115 498 1180; x_wconf 82' lang='lat' dir='ltr'><strong>Sicut</strong></span> <span class='ocrx_word' id='word_1_41' title='bbox 520 1115 553 1179; x_wconf 93' lang='lat' dir='ltr'>in</span> <span class='ocrx_word' id='word_1_42' title='bbox 576 1115 640 1180; x_wconf 86' lang='lat' dir='ltr'>aiia</span> <span class='ocrx_word' id='word_1_43' title='bbox 662 1116 800 1182; x_wconf 87' lang='lat' dir='ltr'>lectione</span> <span class='ocrx_word' id='word_1_44' title='bbox 815 1115 961 1194; x_wconf 77' lang='lat' dir='ltr'>audistis</span> <span class='ocrx_word' id='word_1_45' title='bbox 986 1115 1108 1180; x_wconf 86' lang='lat' dir='ltr'>fratres</span> <span class='ocrx_word' id='word_1_46' title='bbox 1131 1115 1303 1195; x_wconf 85' lang='lat' dir='ltr'><strong>karissimi,</strong></span> <span class='ocrx_word' id='word_1_47' title='bbox 1330 1117 1498 1182; x_wconf 90' lang='lat' dir='ltr'>docentem</span> <span class='ocrx_word' id='word_1_48' title='bbox 1522 1137 1580 1183; x_wconf 91' lang='lat' dir='ltr'>nos</span> 
     </span>
     <span class='ocr_line' id='line_1_8' title="bbox 301 1222 1578 1304; baseline 0 -16"><span class='ocrx_word' id='word_1_49' title='bbox 301 1223 481 1303; x_wconf 89' lang='lat' dir='ltr'>apostolum</span> <span class='ocrx_word' id='word_1_50' title='bbox 499 1227 533 1287; x_wconf 92' lang='lat' dir='ltr'>et</span> <span class='ocrx_word' id='word_1_51' title='bbox 549 1224 774 1288; x_wconf 86' lang='lat' dir='ltr'>exhortantem</span> <span class='ocrx_word' id='word_1_52' title='bbox 790 1222 938 1288; x_wconf 88' lang='lat' dir='ltr'>dicendo:</span> <span class='ocrx_word' id='word_1_53' title='bbox 958 1223 1156 1304; x_wconf 85' lang='lat' dir='ltr'>expoliantes</span> <span class='ocrx_word' id='word_1_54' title='bbox 1172 1243 1231 1290; x_wconf 93' lang='lat' dir='ltr'>vos</span> <span class='ocrx_word' id='word_1_55' title='bbox 1247 1229 1393 1289; x_wconf 85' lang='lat' dir='ltr'>veterem</span> <span class='ocrx_word' id='word_1_56' title='bbox 1409 1223 1578 1289; x_wconf 90' lang='lat' dir='ltr'>hominem.</span> 
     </span>
    </p>

    <p class='ocr_par' dir='ltr' id='par_1_5' title="bbox 300 1325 1580 1519">
     <span class='ocr_line' id='line_1_9' title="bbox 411 1325 1580 1408; baseline 0.002 -14"><span class='ocrx_word' id='word_1_57' title='bbox 411 1325 475 1395; x_wconf 85' lang='lat'><strong><em>79‘.</em></strong></span> <span class='ocrx_word' id='word_1_58' title='bbox 523 1328 568 1395; x_wconf 89' lang='lat' dir='ltr'>In</span> <span class='ocrx_word' id='word_1_59' title='bbox 590 1329 743 1395; x_wconf 72' lang='lat' dir='ltr'>adventu</span> <span class='ocrx_word' id='word_1_60' title='bbox 767 1328 921 1394; x_wconf 86' lang='lat' dir='ltr'>Domini.</span> <span class='ocrx_word' id='word_1_61' title='bbox 971 1330 1024 1393; x_wconf 90' lang='lat' dir='ltr'>Ad</span> <span class='ocrx_word' id='word_1_62' title='bbox 1050 1329 1227 1395; x_wconf 88' lang='lat' dir='ltr'>Romanos:</span> <span class='ocrx_word' id='word_1_63' title='bbox 1260 1329 1407 1408; x_wconf 82' lang='lat' dir='ltr'>Fratres,</span> <span class='ocrx_word' id='word_1_64' title='bbox 1441 1331 1580 1396; x_wconf 84' lang='lat' dir='ltr'>scientes</span> 
     </span>
     <span class='ocr_line' id='line_1_10' title="bbox 300 1436 994 1519; baseline -0.001 -17"><span class='ocrx_word' id='word_1_65' title='bbox 300 1437 375 1516; x_wconf 87' lang='lat' dir='ltr'>quia</span> <span class='ocrx_word' id='word_1_66' title='bbox 398 1438 478 1502; x_wconf 92' lang='lat' dir='ltr'>hora</span> <span class='ocrx_word' id='word_1_67' title='bbox 502 1442 553 1502; x_wconf 91' lang='lat' dir='ltr'>est</span> <span class='ocrx_word' id='word_1_68' title='bbox 575 1436 639 1502; x_wconf 91' lang='lat' dir='ltr'>iam</span> <span class='ocrx_word' id='word_1_69' title='bbox 662 1456 730 1501; x_wconf 93' lang='lat' dir='ltr'>nos.</span> <span class='ocrx_word' id='word_1_70' title='bbox 771 1439 859 1503; x_wconf 83' lang='lat' dir='ltr'>Rom.</span> <span class='ocrx_word' id='word_1_71' title='bbox 879 1441 994 1519; x_wconf 82' lang='lat'>13,11.</span> 
     </span>
    </p>

    <p class='ocr_par' dir='ltr' id='par_1_6' title="bbox 300 1543 1579 1732">
     <span class='ocr_line' id='line_1_11' title="bbox 407 1543 1579 1625; baseline 0.001 -18"><span class='ocrx_word' id='word_1_72' title='bbox 407 1543 541 1608; x_wconf 85' lang='lat' dir='ltr'>Excitat</span> <span class='ocrx_word' id='word_1_73' title='bbox 563 1562 622 1608; x_wconf 91' lang='lat' dir='ltr'>nos</span> <span class='ocrx_word' id='word_1_74' title='bbox 653 1549 687 1608; x_wconf 91' lang='lat' dir='ltr'>et</span> <span class='ocrx_word' id='word_1_75' title='bbox 716 1543 825 1625; x_wconf 90' lang='lat' dir='ltr'>arguit</span> <span class='ocrx_word' id='word_1_76' title='bbox 847 1545 1022 1624; x_wconf 78' lang='lat' dir='ltr'>apostolus</span> <span class='ocrx_word' id='word_1_77' title='bbox 1047 1549 1086 1608; x_wconf 92' lang='lat' dir='ltr'>ut</span> <span class='ocrx_word' id='word_1_78' title='bbox 1109 1562 1128 1607; x_wconf 93' lang='lat' dir='ltr'>a</span> <span class='ocrx_word' id='word_1_79' title='bbox 1159 1563 1269 1608; x_wconf 93' lang='lat' dir='ltr'>somno</span> <span class='ocrx_word' id='word_1_80' title='bbox 1294 1543 1445 1625; x_wconf 81' lang='lat' dir='ltr'>pigritiae</span> <span class='ocrx_word' id='word_1_81' title='bbox 1478 1549 1511 1608; x_wconf 90' lang='lat' dir='ltr'>et</span> <span class='ocrx_word' id='word_1_82' title='bbox 1534 1544 1579 1608; x_wconf 91' lang='lat' dir='ltr'>in-</span> 
     </span>
     <span class='ocr_line' id='line_1_12' title="bbox 300 1648 1228 1732; baseline -0.001 -18"><span class='ocrx_word' id='word_1_83' title='bbox 300 1649 468 1715; x_wconf 89' lang='lat' dir='ltr'>fidelitatis</span> <span class='ocrx_word' id='word_1_84' title='bbox 493 1669 685 1732; x_wconf 81' lang='lat' dir='ltr'>exurgamus</span> <span class='ocrx_word' id='word_1_85' title='bbox 709 1649 888 1730; x_wconf 89' lang='lat' dir='ltr'>aliquando,</span> <span class='ocrx_word' id='word_1_86' title='bbox 913 1648 1034 1715; x_wconf 86' lang='lat' dir='ltr'>fratres</span> <span class='ocrx_word' id='word_1_87' title='bbox 1056 1649 1228 1714; x_wconf 90' lang='lat' dir='ltr'>karissimi.</span> 
     </span>
    </p>

    <p class='ocr_par' dir='ltr' id='par_1_7' title="bbox 302 1754 1580 1946">
     <span class='ocr_line' id='line_1_13' title="bbox 408 1754 1580 1842; baseline 0.001 -20"><span class='ocrx_word' id='word_1_88' title='bbox 408 1761 461 1822; x_wconf 79' lang='lat'>80.</span> <span class='ocrx_word' id='word_1_89' title='bbox 486 1759 671 1842; x_wconf 78' lang='lat' dir='ltr'>Zeitoropude</span> <span class='ocrx_word' id='word_1_90' title='bbox 681 1754 787 1840; x_wconf 77' lang='lat' dir='ltr'>sahlt¹¹</span> <span class='ocrx_word' id='word_1_91' title='bbox 806 1756 857 1820; x_wconf 89' lang='lat' dir='ltr'>Ad</span> <span class='ocrx_word' id='word_1_92' title='bbox 869 1756 1047 1821; x_wconf 88' lang='lat' dir='ltr'>Romanos:</span> <span class='ocrx_word' id='word_1_93' title='bbox 1065 1757 1212 1832; x_wconf 83' lang='lat' dir='ltr'>Fratres,</span> <span class='ocrx_word' id='word_1_94' title='bbox 1234 1776 1445 1837; x_wconf 86' lang='lat' dir='ltr'>quaecunque</span> <span class='ocrx_word' id='word_1_95' title='bbox 1459 1759 1580 1839; x_wconf 89' lang='lat' dir='ltr'>scripta</span> 
     </span>
     <span class='ocr_line' id='line_1_14' title="bbox 302 1866 642 1946; baseline 0 -18"><span class='ocrx_word' id='word_1_96' title='bbox 302 1869 387 1929; x_wconf 86' lang='lat' dir='ltr'>sunt.</span> <span class='ocrx_word' id='word_1_97' title='bbox 435 1866 525 1930; x_wconf 78' lang='lat' dir='ltr'>Bona</span> <span class='ocrx_word' id='word_1_98' title='bbox 543 1868 593 1946; x_wconf 83' lang='lat'>15,</span> <span class='ocrx_word' id='word_1_99' title='bbox 613 1868 642 1928; x_wconf 86' lang='grc'>4.</span> 
     </span>
    </p>

    <p class='ocr_par' dir='ltr' id='par_1_8' title="bbox 301 1969 1580 2249">
     <span class='ocr_line' id='line_1_15' title="bbox 408 1969 1577 2052; baseline 0 -18"><span class='ocrx_word' id='word_1_100' title='bbox 408 1969 519 2035; x_wconf 91' lang='lat' dir='ltr'><strong>Omnis</strong></span> <span class='ocrx_word' id='word_1_101' title='bbox 536 1969 696 2050; x_wconf 88' lang='lat' dir='ltr'>scriptura</span> <span class='ocrx_word' id='word_1_102' title='bbox 715 1969 832 2048; x_wconf 92' lang='lat' dir='ltr'>divina,</span> <span class='ocrx_word' id='word_1_103' title='bbox 850 1970 953 2034; x_wconf 87' lang='lat' dir='ltr'>frates</span> <span class='ocrx_word' id='word_1_104' title='bbox 969 1969 1141 2045; x_wconf 85' lang='lat' dir='ltr'>karissimi,</span> <span class='ocrx_word' id='word_1_105' title='bbox 1166 1970 1255 2036; x_wconf 88' lang='lat' dir='ltr'>utiiis</span> <span class='ocrx_word' id='word_1_106' title='bbox 1273 1975 1324 2035; x_wconf 92' lang='lat' dir='ltr'>est</span> <span class='ocrx_word' id='word_1_107' title='bbox 1336 1971 1383 2052; x_wconf 27' lang='lat' dir='ltr'>,ad</span> <span class='ocrx_word' id='word_1_108' title='bbox 1397 1971 1577 2052; x_wconf 88' lang='lat' dir='ltr'>legendum,</span> 
     </span>
     <span class='ocr_line' id='line_1_16' title="bbox 302 2076 1580 2159; baseline 0 -17"><span class='ocrx_word' id='word_1_109' title='bbox 302 2077 440 2142; x_wconf 89' lang='lat' dir='ltr'>salubris</span> <span class='ocrx_word' id='word_1_110' title='bbox 463 2078 505 2141; x_wconf 91' lang='lat' dir='ltr'>ad</span> <span class='ocrx_word' id='word_1_111' title='bbox 528 2077 743 2155; x_wconf 87' lang='lat' dir='ltr'>tractandum,</span> <span class='ocrx_word' id='word_1_112' title='bbox 779 2077 874 2141; x_wconf 94' lang='lat' dir='ltr'>immo</span> <span class='ocrx_word' id='word_1_113' title='bbox 906 2076 1079 2143; x_wconf 86' lang='lat' dir='ltr'>maximum</span> <span class='ocrx_word' id='word_1_114' title='bbox 1113 2079 1231 2142; x_wconf 85' lang='lat' dir='ltr'>bonnm</span> <span class='ocrx_word' id='word_1_115' title='bbox 1267 2082 1301 2142; x_wconf 88' lang='lat' dir='ltr'>et</span> <span class='ocrx_word' id='word_1_116' title='bbox 1333 2082 1487 2143; x_wconf 89' lang='lat' dir='ltr'>aeternus</span> <span class='ocrx_word' id='word_1_117' title='bbox 1510 2098 1580 2159; x_wconf 90' lang='lat' dir='ltr'>pro-</span> 
     </span>
     <span class='ocr_line' id='line_1_17' title="bbox 301 2183 491 2249; baseline -0.005 -1"><span class='ocrx_word' id='word_1_118' title='bbox 301 2183 407 2249; x_wconf 86' lang='lat' dir='ltr'>fectus</span> <span class='ocrx_word' id='word_1_119' title='bbox 432 2189 491 2248; x_wconf 92' lang='lat' dir='ltr'>est.</span> 
     </span>
    </p>

    <p class='ocr_par' dir='ltr' id='par_1_9' title="bbox 302 2287 1580 2481">
     <span class='ocr_line' id='line_1_18' title="bbox 408 2287 1580 2376; baseline 0 -20"><span class='ocrx_word' id='word_1_120' title='bbox 408 2288 478 2356; x_wconf 79' lang='lat'><em>80&#39;.</em></span> <span class='ocrx_word' id='word_1_121' title='bbox 526 2292 710 2376; x_wconf 77' lang='lat' dir='ltr'>Zeitanpade</span> <span class='ocrx_word' id='word_1_122' title='bbox 733 2287 840 2375; x_wconf 58' lang='lat' dir='ltr'>faiam</span> <span class='ocrx_word' id='word_1_123' title='bbox 888 2291 940 2356; x_wconf 88' lang='lat' dir='ltr'>Ad</span> <span class='ocrx_word' id='word_1_124' title='bbox 965 2290 1054 2356; x_wconf 79' lang='lat' dir='ltr'>Cor:</span> <span class='ocrx_word' id='word_1_125' title='bbox 1088 2291 1235 2369; x_wconf 90' lang='lat' dir='ltr'>Fratres,</span> <span class='ocrx_word' id='word_1_126' title='bbox 1265 2291 1310 2356; x_wconf 88' lang='lat' dir='ltr'>sic</span> <span class='ocrx_word' id='word_1_127' title='bbox 1333 2311 1391 2357; x_wconf 93' lang='lat' dir='ltr'>nos</span> <span class='ocrx_word' id='word_1_128' title='bbox 1417 2291 1580 2357; x_wconf 85' lang='lat' dir='ltr'>existimet</span> 
     </span>
     <span class='ocr_line' id='line_1_19' title="bbox 302 2400 646 2481; baseline 0.003 -19"><span class='ocrx_word' id='word_1_129' title='bbox 302 2400 404 2463; x_wconf 85' lang='lat' dir='ltr'>home.</span> <span class='ocrx_word' id='word_1_130' title='bbox 450 2402 646 2481; x_wconf 63' lang='lat' dir='ltr'>rocam</span> 
     </span>
    </p>

    <p class='ocr_par' dir='ltr' id='par_1_10' title="bbox 301 2504 1579 2694">
     <span class='ocr_line' id='line_1_20' title="bbox 407 2504 1579 2586; baseline -0.002 -16"><span class='ocrx_word' id='word_1_131' title='bbox 407 2506 657 2586; x_wconf 86' lang='lat' dir='ltr'>Dispensatores</span> <span class='ocrx_word' id='word_1_132' title='bbox 681 2511 715 2570; x_wconf 91' lang='lat' dir='ltr'>et</span> <span class='ocrx_word' id='word_1_133' title='bbox 744 2510 887 2570; x_wconf 91' lang='lat' dir='ltr'>rectores</span> <span class='ocrx_word' id='word_1_134' title='bbox 919 2511 1052 2570; x_wconf 87' lang='lat' dir='ltr'>sanctae</span> <span class='ocrx_word' id='word_1_135' title='bbox 1075 2505 1137 2570; x_wconf 92' lang='lat' dir='ltr'>Dei</span> <span class='ocrx_word' id='word_1_136' title='bbox 1161 2504 1316 2570; x_wconf 88' lang='lat' dir='ltr'>ecclesiae</span> <span class='ocrx_word' id='word_1_137' title='bbox 1342 2504 1427 2569; x_wconf 93' lang='lat' dir='ltr'>omni</span> <span class='ocrx_word' id='word_1_138' title='bbox 1452 2525 1487 2570; x_wconf 94' lang='lat' dir='ltr'>se</span> <span class='ocrx_word' id='word_1_139' title='bbox 1510 2526 1579 2586; x_wconf 91' lang='lat' dir='ltr'>pro-</span> 
     </span>
     <span class='ocr_line' id='line_1_21' title="bbox 301 2612 903 2694; baseline -0.007 -15"><span class='ocrx_word' id='word_1_140' title='bbox 301 2613 446 2679; x_wconf 82' lang='lat' dir='ltr'>videntia</span> <span class='ocrx_word' id='word_1_141' title='bbox 469 2612 720 2693; x_wconf 81' lang='lat' dir='ltr'>circumspicere,</span> <span class='ocrx_word' id='word_1_142' title='bbox 745 2617 784 2677; x_wconf 92' lang='lat' dir='ltr'>ut</span> <span class='ocrx_word' id='word_1_143' title='bbox 806 2612 903 2694; x_wconf 89' lang='lat' dir='ltr'>digni</span> 
     </span>
    </p>
   </div>
   <div class='ocr_carea' id='block_1_3' title="bbox 712 2881 1167 2963">
    <p class='ocr_par' dir='ltr' id='par_1_11' title="bbox 712 2881 1167 2963">
     <span class='ocr_line' id='line_1_22' title="bbox 712 2881 1167 2963; baseline 0 -19"><span class='ocrx_word' id='word_1_144' title='bbox 712 2883 835 2946; x_wconf 84' lang='lat' dir='ltr'><strong><em>XIII.</em></strong></span> <span class='ocrx_word' id='word_1_145' title='bbox 859 2883 981 2963; x_wconf 77' lang='lat' dir='ltr'>Lapa,</span> <span class='ocrx_word' id='word_1_146' title='bbox 1005 2881 1061 2947; x_wconf 87' lang='lat'>10</span> <span class='ocrx_word' id='word_1_147' title='bbox 1084 2882 1167 2945; x_wconf 89' lang='lat' dir='ltr'><em>Bll.</em></span> 
     </span>
    </p>
   </div>
   <div class='ocr_carea' id='block_1_4' title="bbox 301 3035 1579 4511">
    <p class='ocr_par' dir='ltr' id='par_1_12' title="bbox 301 3035 1579 3334">
     <span class='ocr_line' id='line_1_23' title="bbox 409 3035 1579 3120; baseline 0.006 -22"><span class='ocrx_word' id='word_1_148' title='bbox 409 3043 448 3102; x_wconf 75' lang='lat' dir='ltr'>s!</span> <span class='ocrx_word' id='word_1_149' title='bbox 463 3035 478 3102; x_wconf 88' lang='lat'>&#39;.</span> <span class='ocrx_word' id='word_1_150' title='bbox 525 3038 655 3103; x_wconf 83' lang='lat' dir='ltr'>hiensis</span> <span class='ocrx_word' id='word_1_151' title='bbox 679 3038 807 3103; x_wconf 89' lang='lat' dir='ltr'>decimi</span> <span class='ocrx_word' id='word_1_152' title='bbox 830 3036 900 3104; x_wconf 82' lang='lat' dir='ltr'>fer.</span> <span class='ocrx_word' id='word_1_153' title='bbox 917 3037 979 3103; x_wconf 84' lang='lat' dir='ltr'>lv.</span> <span class='ocrx_word' id='word_1_154' title='bbox 1017 3039 1129 3104; x_wconf 88' lang='lat' dir='ltr'>Lectio</span> <span class='ocrx_word' id='word_1_155' title='bbox 1145 3039 1244 3105; x_wconf 83' lang='lat' dir='ltr'>Esaia</span> <span class='ocrx_word' id='word_1_156' title='bbox 1259 3042 1371 3120; x_wconf 90' lang='lat' dir='ltr'>proph.</span> <span class='ocrx_word' id='word_1_157' title='bbox 1403 3040 1443 3104; x_wconf 90' lang='lat' dir='ltr'>In</span> <span class='ocrx_word' id='word_1_158' title='bbox 1467 3040 1579 3105; x_wconf 87' lang='lat' dir='ltr'>diebus</span> 
     </span>
     <span class='ocr_line' id='line_1_24' title="bbox 301 3144 1579 3228; baseline 0.002 -19"><span class='ocrx_word' id='word_1_159' title='bbox 301 3145 364 3210; x_wconf 87' lang='lat' dir='ltr'><strong>iilis</strong></span> <span class='ocrx_word' id='word_1_160' title='bbox 390 3145 471 3210; x_wconf 80' lang='lat' dir='ltr'>dixit</span> <span class='ocrx_word' id='word_1_161' title='bbox 503 3144 620 3210; x_wconf 85' lang='lat' dir='ltr'>Esaias</span> <span class='ocrx_word' id='word_1_162' title='bbox 652 3147 828 3227; x_wconf 86' lang='lat' dir='ltr'>propheta:</span> <span class='ocrx_word' id='word_1_163' title='bbox 860 3145 935 3210; x_wconf 88' lang='lat' dir='ltr'>Erit</span> <span class='ocrx_word' id='word_1_164' title='bbox 963 3145 996 3210; x_wconf 94' lang='lat' dir='ltr'>in</span> <span class='ocrx_word' id='word_1_165' title='bbox 1019 3145 1201 3213; x_wconf 83' lang='lat' dir='ltr'>novissimis</span> <span class='ocrx_word' id='word_1_166' title='bbox 1227 3145 1340 3212; x_wconf 91' lang='lat' dir='ltr'>diebus</span> <span class='ocrx_word' id='word_1_167' title='bbox 1364 3153 1579 3228; x_wconf 89' lang='lat' dir='ltr'>praeparatus</span> 
     </span>
     <span class='ocr_line' id='line_1_25' title="bbox 302 3254 565 3334; baseline 0 -18"><span class='ocrx_word' id='word_1_168' title='bbox 302 3272 401 3318; x_wconf 93' lang='lat' dir='ltr'>mons.</span> <span class='ocrx_word' id='word_1_169' title='bbox 428 3254 468 3319; x_wconf 83' lang='lat' dir='ltr'>Is.</span> <span class='ocrx_word' id='word_1_170' title='bbox 488 3258 518 3334; x_wconf 83' lang='lat'>2,</span> <span class='ocrx_word' id='word_1_171' title='bbox 535 3259 565 3318; x_wconf 92' lang='grc'>2.</span> 
     </span>
    </p>

    <p class='ocr_par' dir='ltr' id='par_1_13' title="bbox 302 3358 1578 3659">
     <span class='ocr_line' id='line_1_26' title="bbox 407 3358 1578 3439; baseline -0.001 -15"><span class='ocrx_word' id='word_1_172' title='bbox 407 3359 555 3425; x_wconf 86' lang='lat' dir='ltr'>Audistis</span> <span class='ocrx_word' id='word_1_173' title='bbox 571 3359 604 3424; x_wconf 94' lang='lat' dir='ltr'>in</span> <span class='ocrx_word' id='word_1_174' title='bbox 626 3359 765 3424; x_wconf 89' lang='lat' dir='ltr'>lectione</span> <span class='ocrx_word' id='word_1_175' title='bbox 787 3358 975 3439; x_wconf 90' lang='lat' dir='ltr'>prophetica</span> <span class='ocrx_word' id='word_1_176' title='bbox 998 3359 1174 3425; x_wconf 91' lang='lat' dir='ltr'>adventum</span> <span class='ocrx_word' id='word_1_177' title='bbox 1194 3360 1325 3425; x_wconf 93' lang='lat' dir='ltr'>Domini</span> <span class='ocrx_word' id='word_1_178' title='bbox 1349 3359 1523 3427; x_wconf 84' lang='lat' dir='ltr'>salvatoris</span> <span class='ocrx_word' id='word_1_179' title='bbox 1545 3360 1578 3423; x_wconf 93' lang='lat' dir='ltr'>in</span> 
     </span>
     <span class='ocr_line' id='line_1_27' title="bbox 302 3465 1577 3550; baseline 0 -19"><span class='ocrx_word' id='word_1_180' title='bbox 302 3469 386 3532; x_wconf 92' lang='lat' dir='ltr'>hunc</span> <span class='ocrx_word' id='word_1_181' title='bbox 409 3468 562 3533; x_wconf 93' lang='lat' dir='ltr'>mundum</span> <span class='ocrx_word' id='word_1_182' title='bbox 585 3467 627 3531; x_wconf 91' lang='lat' dir='ltr'>ad</span> <span class='ocrx_word' id='word_1_183' title='bbox 649 3465 901 3546; x_wconf 88' lang='lat' dir='ltr'>redemptionem</span> <span class='ocrx_word' id='word_1_184' title='bbox 924 3470 1078 3531; x_wconf 90' lang='lat' dir='ltr'>nostram.</span> <span class='ocrx_word' id='word_1_185' title='bbox 1115 3472 1182 3533; x_wconf 80' lang='lat' dir='ltr'>Auo</span> <span class='ocrx_word' id='word_1_186' title='bbox 1197 3466 1425 3550; x_wconf 80' lang='lat' dir='ltr'>Hieronymus</span> <span class='ocrx_word' id='word_1_187' title='bbox 1464 3470 1577 3536; x_wconf 79' lang='lat' dir='ltr'>Oomnr.</span> 
     </span>
     <span class='ocr_line' id='line_1_28' title="bbox 302 3575 1023 3659; baseline 0.001 -22"><span class='ocrx_word' id='word_1_188' title='bbox 302 3580 332 3638; x_wconf 72' lang='lat' dir='ltr'>in</span> <span class='ocrx_word' id='word_1_189' title='bbox 358 3577 399 3640; x_wconf 82' lang='lat' dir='ltr'>is.</span> <span class='ocrx_word' id='word_1_190' title='bbox 423 3580 451 3652; x_wconf 86' lang='lat'>1,</span> <span class='ocrx_word' id='word_1_191' title='bbox 476 3579 497 3639; x_wconf 91' lang='grc'><strong><em>2</em></strong></span> <span class='ocrx_word' id='word_1_192' title='bbox 520 3577 640 3659; x_wconf 74' lang='lat' dir='ltr'>(Mipm</span> <span class='ocrx_word' id='word_1_193' title='bbox 662 3575 699 3639; x_wconf 93' lang='lat' dir='ltr'>P.</span> <span class='ocrx_word' id='word_1_194' title='bbox 724 3575 762 3639; x_wconf 86' lang='lat' dir='ltr'>L.</span> <span class='ocrx_word' id='word_1_195' title='bbox 788 3578 840 3654; x_wconf 89' lang='grc'>24,</span> <span class='ocrx_word' id='word_1_196' title='bbox 864 3575 1023 3651; x_wconf 75' lang='grc'><strong><em>43-45).</em></strong></span> 
     </span>
    </p>

    <p class='ocr_par' dir='ltr' id='par_1_14' title="bbox 302 3677 1576 3870">
     <span class='ocr_line' id='line_1_29' title="bbox 408 3677 1576 3762; baseline -0.002 -16"><span class='ocrx_word' id='word_1_197' title='bbox 408 3677 479 3746; x_wconf 79' lang='grc'>82’.</span> <span class='ocrx_word' id='word_1_198' title='bbox 535 3679 642 3747; x_wconf 84' lang='lat' dir='ltr'>Faria</span> <span class='ocrx_word' id='word_1_199' title='bbox 663 3678 725 3745; x_wconf 75' lang='lat' dir='ltr'>lv.</span> <span class='ocrx_word' id='word_1_200' title='bbox 768 3679 880 3745; x_wconf 90' lang='lat' dir='ltr'>Lectio</span> <span class='ocrx_word' id='word_1_201' title='bbox 907 3680 1006 3745; x_wconf 83' lang='lat' dir='ltr'>Esaia</span> <span class='ocrx_word' id='word_1_202' title='bbox 1032 3682 1143 3762; x_wconf 91' lang='lat' dir='ltr'>proph.</span> <span class='ocrx_word' id='word_1_203' title='bbox 1192 3680 1284 3746; x_wconf 91' lang='lat' dir='ltr'>Haec</span> <span class='ocrx_word' id='word_1_204' title='bbox 1311 3679 1390 3745; x_wconf 91' lang='lat' dir='ltr'>dicit</span> <span class='ocrx_word' id='word_1_205' title='bbox 1412 3681 1576 3746; x_wconf 91' lang='lat' dir='ltr'>dominus:</span> 
     </span>
     <span class='ocr_line' id='line_1_30' title="bbox 302 3787 1143 3870; baseline 0.001 -20"><span class='ocrx_word' id='word_1_206' title='bbox 302 3787 498 3870; x_wconf 85' lang='lat' dir='ltr'>Egredietur</span> <span class='ocrx_word' id='word_1_207' title='bbox 520 3788 613 3869; x_wconf 87' lang='lat' dir='ltr'>virga</span> <span class='ocrx_word' id='word_1_208' title='bbox 637 3787 676 3851; x_wconf 92' lang='lat' dir='ltr'>de</span> <span class='ocrx_word' id='word_1_209' title='bbox 699 3787 807 3851; x_wconf 90' lang='lat' dir='ltr'>radice</span> <span class='ocrx_word' id='word_1_210' title='bbox 829 3787 929 3852; x_wconf 89' lang='lat' dir='ltr'>Iesse.</span> <span class='ocrx_word' id='word_1_211' title='bbox 978 3790 1018 3854; x_wconf 84' lang='lat' dir='ltr'>Is.</span> <span class='ocrx_word' id='word_1_212' title='bbox 1043 3792 1091 3870; x_wconf 84' lang='lat'>11,</span> <span class='ocrx_word' id='word_1_213' title='bbox 1115 3792 1143 3854; x_wconf 86' lang='lat'>1.</span> 
     </span>
    </p>

    <p class='ocr_par' dir='ltr' id='par_1_15' title="bbox 301 3894 1578 4086">
     <span class='ocr_line' id='line_1_31' title="bbox 408 3894 1578 3976; baseline -0.001 -18"><span class='ocrx_word' id='word_1_214' title='bbox 408 3894 564 3958; x_wconf 91' lang='lat' dir='ltr'>Dominus</span> <span class='ocrx_word' id='word_1_215' title='bbox 600 3898 633 3958; x_wconf 90' lang='lat' dir='ltr'>et</span> <span class='ocrx_word' id='word_1_216' title='bbox 668 3895 813 3960; x_wconf 89' lang='lat' dir='ltr'>salvator</span> <span class='ocrx_word' id='word_1_217' title='bbox 846 3899 966 3973; x_wconf 92' lang='lat' dir='ltr'>noster,</span> <span class='ocrx_word' id='word_1_218' title='bbox 1003 3895 1043 3960; x_wconf 93' lang='lat' dir='ltr'>de</span> <span class='ocrx_word' id='word_1_219' title='bbox 1066 3914 1128 3974; x_wconf 92' lang='lat' dir='ltr'>quo</span> <span class='ocrx_word' id='word_1_220' title='bbox 1162 3914 1281 3976; x_wconf 89' lang='lat' dir='ltr'>genere</span> <span class='ocrx_word' id='word_1_221' title='bbox 1306 3900 1403 3960; x_wconf 90' lang='lat' dir='ltr'>natus</span> <span class='ocrx_word' id='word_1_222' title='bbox 1432 3894 1484 3972; x_wconf 92' lang='lat' dir='ltr'>sit,</span> <span class='ocrx_word' id='word_1_223' title='bbox 1521 3915 1578 3975; x_wconf 91' lang='lat' dir='ltr'>pro</span> 
     </span>
     <span class='ocr_line' id='line_1_32' title="bbox 301 4001 1577 4086; baseline -0.001 -22"><span class='ocrx_word' id='word_1_224' title='bbox 301 4007 415 4066; x_wconf 91' lang='lat' dir='ltr'>nostra</span> <span class='ocrx_word' id='word_1_225' title='bbox 431 4001 545 4066; x_wconf 89' lang='lat' dir='ltr'>salute.</span> <span class='ocrx_word' id='word_1_226' title='bbox 586 4008 653 4067; x_wconf 83' lang='lat' dir='ltr'>Ans</span> <span class='ocrx_word' id='word_1_227' title='bbox 669 4001 895 4083; x_wconf 88' lang='lat' dir='ltr'>Hieronymus.</span> <span class='ocrx_word' id='word_1_228' title='bbox 937 4004 1003 4086; x_wconf 78' lang='lat' dir='ltr'>Cfr.</span> <span class='ocrx_word' id='word_1_229' title='bbox 1020 4004 1060 4066; x_wconf 80' lang='lat' dir='ltr'>ib.</span> <span class='ocrx_word' id='word_1_230' title='bbox 1078 4005 1159 4084; x_wconf 85' lang='grc'>4,11</span> <span class='ocrx_word' id='word_1_231' title='bbox 1175 4003 1296 4086; x_wconf 68' lang='lat' dir='ltr'>(Miqne</span> <span class='ocrx_word' id='word_1_232' title='bbox 1311 4005 1349 4070; x_wconf 91' lang='lat' dir='ltr'>P.</span> <span class='ocrx_word' id='word_1_233' title='bbox 1368 4004 1405 4066; x_wconf 87' lang='lat' dir='ltr'>L.</span> <span class='ocrx_word' id='word_1_234' title='bbox 1423 4006 1476 4085; x_wconf 88' lang='grc'>24,</span> <span class='ocrx_word' id='word_1_235' title='bbox 1495 4005 1577 4071; x_wconf 78' lang='grc'>114).</span> 
     </span>
    </p>

    <p class='ocr_par' dir='ltr' id='par_1_16' title="bbox 303 4105 1578 4299">
     <span class='ocr_line' id='line_1_33' title="bbox 409 4105 1578 4174; baseline -0.001 -1"><span class='ocrx_word' id='word_1_236' title='bbox 409 4112 461 4173; x_wconf 80' lang='grc'>83.</span> <span class='ocrx_word' id='word_1_237' title='bbox 497 4105 650 4174; x_wconf 73' lang='lat' dir='ltr'>Sahhsto</span> <span class='ocrx_word' id='word_1_238' title='bbox 665 4106 774 4173; x_wconf 78' lang='lat' dir='ltr'>lectIo</span> <span class='ocrx_word' id='word_1_239' title='bbox 798 4106 837 4172; x_wconf 82' lang='lat' dir='ltr'>ln</span> <span class='ocrx_word' id='word_1_240' title='bbox 848 4107 1032 4172; x_wconf 88' lang='lat' dir='ltr'>duodecim</span> <span class='ocrx_word' id='word_1_241' title='bbox 1048 4107 1275 4173; x_wconf 82' lang='lat' dir='ltr'>lectionibus.</span> <span class='ocrx_word' id='word_1_242' title='bbox 1300 4107 1416 4172; x_wconf 86' lang='lat' dir='ltr'>Omilia</span> <span class='ocrx_word' id='word_1_243' title='bbox 1431 4107 1578 4172; x_wconf 87' lang='lat' dir='ltr'>lectionis</span> 
     </span>
     <span class='ocr_line' id='line_1_34' title="bbox 303 4214 1385 4299; baseline 0.002 -21"><span class='ocrx_word' id='word_1_244' title='bbox 303 4215 453 4282; x_wconf 80' lang='lat' dir='ltr'>eiusdem.</span> <span class='ocrx_word' id='word_1_245' title='bbox 485 4214 538 4278; x_wconf 86' lang='lat' dir='ltr'>Ad</span> <span class='ocrx_word' id='word_1_246' title='bbox 560 4215 682 4280; x_wconf 78' lang='lat' dir='ltr'>Tessal.</span> <span class='ocrx_word' id='word_1_247' title='bbox 725 4215 871 4293; x_wconf 89' lang='lat' dir='ltr'>Fratres,</span> <span class='ocrx_word' id='word_1_248' title='bbox 896 4234 1047 4296; x_wconf 87' lang='lat' dir='ltr'>rogamus</span> <span class='ocrx_word' id='word_1_249' title='bbox 1065 4234 1125 4283; x_wconf 83' lang='lat' dir='ltr'>vos</span> <span class='ocrx_word' id='word_1_250' title='bbox 1148 4218 1385 4299; x_wconf 58' lang='grc'>2421211121.</span> 
     </span>
    </p>

    <p class='ocr_par' dir='ltr' id='par_1_17' title="bbox 301 4320 1577 4511">
     <span class='ocr_line' id='line_1_35' title="bbox 408 4320 1576 4398; baseline 0 -12"><span class='ocrx_word' id='word_1_251' title='bbox 408 4322 459 4387; x_wconf 90' lang='lat' dir='ltr'>De</span> <span class='ocrx_word' id='word_1_252' title='bbox 482 4328 594 4388; x_wconf 89' lang='lat' dir='ltr'>sancto</span> <span class='ocrx_word' id='word_1_253' title='bbox 626 4323 770 4388; x_wconf 89' lang='lat' dir='ltr'>adventu</span> <span class='ocrx_word' id='word_1_254' title='bbox 794 4321 911 4386; x_wconf 92' lang='lat' dir='ltr'>domini</span> <span class='ocrx_word' id='word_1_255' title='bbox 943 4327 976 4386; x_wconf 87' lang='lat' dir='ltr'>et</span> <span class='ocrx_word' id='word_1_256' title='bbox 1007 4323 1180 4389; x_wconf 90' lang='lat' dir='ltr'>salvatoris</span> <span class='ocrx_word' id='word_1_257' title='bbox 1212 4323 1316 4387; x_wconf 91' lang='lat' dir='ltr'>nostri</span> <span class='ocrx_word' id='word_1_258' title='bbox 1339 4323 1362 4387; x_wconf 85' lang='lat' dir='ltr'>J</span> <span class='ocrx_word' id='word_1_259' title='bbox 1365 4341 1422 4387; x_wconf 91' lang='lat' dir='ltr'>esu</span> <span class='ocrx_word' id='word_1_260' title='bbox 1446 4320 1576 4398; x_wconf 79' lang='lat' dir='ltr'>Christi,</span> 
     </span>
     <span class='ocr_line' id='line_1_36' title="bbox 301 4429 1577 4511; baseline -0.001 -17"><span class='ocrx_word' id='word_1_261' title='bbox 301 4430 421 4494; x_wconf 87' lang='lat' dir='ltr'>fratres</span> <span class='ocrx_word' id='word_1_262' title='bbox 444 4429 615 4507; x_wconf 85' lang='lat' dir='ltr'>karissimi,</span> <span class='ocrx_word' id='word_1_263' title='bbox 640 4429 777 4493; x_wconf 90' lang='lat' dir='ltr'>audistis</span> <span class='ocrx_word' id='word_1_264' title='bbox 793 4430 961 4493; x_wconf 89' lang='lat' dir='ltr'>docentem</span> <span class='ocrx_word' id='word_1_265' title='bbox 977 4430 1177 4510; x_wconf 66' lang='lat' dir='ltr'>apostolum„</span> <span class='ocrx_word' id='word_1_266' title='bbox 1203 4434 1271 4496; x_wconf 78' lang='lat' dir='ltr'>Aes</span> <span class='ocrx_word' id='word_1_267' title='bbox 1286 4429 1505 4511; x_wconf 89' lang='lat' dir='ltr'>Hieronymus</span> <span class='ocrx_word' id='word_1_268' title='bbox 1521 4431 1577 4510; x_wconf 56' lang='lat'><em>(2³).</em></span> 
     </span>
    </p>
   </div>
   <div class='ocr_carea' id='block_1_5' title="bbox 302 4538 910 4622">
    <p class='ocr_par' dir='ltr' id='par_1_18' title="bbox 302 4538 910 4622">
     <span class='ocr_line' id='line_1_37' title="bbox 302 4538 910 4622; baseline 0 -20"><span class='ocrx_word' id='word_1_269' title='bbox 302 4539 498 4622; x_wconf 77' lang='lat' dir='ltr'>Abpadruclct</span> <span class='ocrx_word' id='word_1_270' title='bbox 519 4541 562 4602; x_wconf 80' lang='lat' dir='ltr'>im</span> <span class='ocrx_word' id='word_1_271' title='bbox 585 4538 722 4622; x_wconf 68' lang='lat' dir='ltr'>Anhang</span> <span class='ocrx_word' id='word_1_272' title='bbox 744 4538 822 4602; x_wconf 80' lang='lat' dir='ltr'>Dor.</span> <span class='ocrx_word' id='word_1_273' title='bbox 847 4539 910 4602; x_wconf 85' lang='grc' dir='ltr'><em>ΙΙΙ.</em></span> 
     </span>
    </p>
   </div>
   <div class='ocr_carea' id='block_1_6' title="bbox 409 4782 1031 4929">
    <p class='ocr_par' dir='ltr' id='par_1_19' title="bbox 409 4782 1031 4929">
     <span class='ocr_line' id='line_1_38' title="bbox 410 4782 938 4840; baseline 0 -4"><span class='ocrx_word' id='word_1_274' title='bbox 410 4785 419 4814; x_wconf 93' lang='lat'>¹</span> <span class='ocrx_word' id='word_1_275' title='bbox 438 4784 519 4838; x_wconf 88' lang='lat' dir='ltr'>Dom.</span> <span class='ocrx_word' id='word_1_276' title='bbox 533 4782 596 4836; x_wconf 92' lang='grc' dir='ltr'><em>ΙΙΙ.</em></span> <span class='ocrx_word' id='word_1_277' title='bbox 616 4787 679 4837; x_wconf 81' lang='lat' dir='ltr'>ante</span> <span class='ocrx_word' id='word_1_278' title='bbox 696 4784 796 4838; x_wconf 79' lang='lat' dir='ltr'>natale.</span> <span class='ocrx_word' id='word_1_279' title='bbox 827 4784 938 4840; x_wconf 86' lang='lat' dir='ltr'>Alkuin.</span> 
     </span>
     <span class='ocr_line' id='line_1_39' title="bbox 409 4873 1031 4929; baseline 0 -3"><span class='ocrx_word' id='word_1_280' title='bbox 409 4873 419 4903; x_wconf 88' lang='lat'>²</span> <span class='ocrx_word' id='word_1_281' title='bbox 438 4873 526 4926; x_wconf 85' lang='lat' dir='ltr'>Hebd.</span> <span class='ocrx_word' id='word_1_282' title='bbox 546 4878 609 4928; x_wconf 79' lang='lat' dir='ltr'>onte</span> <span class='ocrx_word' id='word_1_283' title='bbox 627 4874 747 4927; x_wconf 80' lang='lat' dir='ltr'>natalem</span> <span class='ocrx_word' id='word_1_284' title='bbox 766 4873 890 4928; x_wconf 81' lang='lat' dir='ltr'>Domini.</span> <span class='ocrx_word' id='word_1_285' title='bbox 919 4875 1031 4929; x_wconf 80' lang='lat' dir='ltr'>Alkuin.</span> 
     </span>
    </p>
   </div>
   <div class='ocr_carea' id='block_1_7' title="bbox 0 0 1821 5568">
    <p class='ocr_par' dir='ltr' id='par_1_20' title="bbox 0 0 1821 5568">
     <span class='ocr_line' id='line_1_40' title="bbox 0 0 1821 5568; baseline 0 0"><span class='ocrx_word' id='word_1_286' title='bbox 0 0 1821 5568; x_wconf 95' lang='lat' dir='ltr'> </span> 
     </span>
    </p>
   </div>
  </div>
 </body>
</html>
