3624 5556
713 415 809 469 Versio
828 414 917 468 latina
935 414 1055 481 antiqua.
1463 403 1525 466 103

242 599 276 658 et
302 593 449 659 dommus
478 599 537 658 est.
585 593 726 673 Require
753 597 864 658 autem
892 591 992 658 facies
1020 597 1215 658 sanctorum.
1263 598 1301 660 vt
1329 599 1364 658 te
1394 593 1521 660 reficias

330 701 439 767 verbis
461 700 598 765 illorum.
646 700 718 765 Non
744 699 845 764 facies
872 700 980 764 disson

241 807 356 872 siones.
396 806 529 887 pacifica
546 806 724 888 litigantes.
764 806 876 870 Indica
902 805 998 872 iuste.
1039 805 1143 870 sciens
1160 805 1244 884 quod
1260 809 1298 870 tu
1314 804 1519 872 iudicaboris.

329 914 402 977 Non
425 913 585 994 deprimes
753 996 758 1008 Ι

240 1038 433 1099 quemquam
462 1019 496 1085 in
526 1039 603 1084 oasu
636 1037 703 1085 suo.
751 1038 811 1083 nee
840 1018 1013 1084 dubitabis.
1056 1037 1170 1086 verum
1195 1019 1258 1083 erit
1286 1038 1328 1083 an
1356 1039 1420 1084 non
1450 1019 1523 1084 etit.

324 1126 398 1190 Noli
422 1145 494 1190 esse
516 1126 559 1190 ad
581 1125 801 1205 accipiendum

240 1233 418 1297 extendens
445 1251 584 1296 manum.
637 1237 671 1296 et
700 1232 742 1296 ad
771 1231 969 1296 reddendum
1002 1232 1207 1296 subtrahens.
1260 1231 1293 1297 Si
1325 1232 1427 1298 habes
1461 1252 1521 1313 per

329 1357 444 1403 manus
467 1344 542 1404 tuas
565 1338 696 1418 redemp

239 1445 360 1510 tionem
383 1451 598 1526 peecatorum.
639 1465 703 1510 non
731 1445 894 1510 dubitabis
918 1444 1004 1510 dare.
1045 1464 1104 1510 nee
1127 1444 1208 1510 dans
1238 1444 1518 1512 murmuraueris¹.

329 1551 433 1617 sciens
457 1547 554 1631 que²
579 1551 623 1615 sit

239 1658 334 1723 huius
358 1655 492 1723 mereis³
521 1660 624 1723 bonus
647 1657 829 1736 reddit0r⁴²;
879 1658 951 1722 Non
974 1655 1124 1725 avertes5
1153 1664 1188 1724 te
1221 1661 1262 1724 ab
1287 1665 1412 1742 egente.
1438 1679 1519 1726 oom-

328 1764 506 1829 munioabis
529 1773 639 1829 autem
663 1765 769 1829 omnia

239 1890 311 1936 oum
338 1870 499 1942 fratribus
524 1871 599 1937 tuis.
636 1890 695 1936 nee
723 1871 809 1936 diues
840 1876 898 1936 tua
930 1889 1010 1936 esse.
1042 1871 1076 1937 si
1106 1871 1191 1937 enim
1221 1872 1412 1938 mortalibus
1444 1871 1521 1938 socii

329 1997 449 2043 sumus.
474 1977 722 2060 quantomagis
746 1978 820 2044 hino

237 2084 406 2151 initiantes
430 2104 502 2150 esse
525 2085 703 2150 debemus?
727 2083 883 2150 Omnibus
907 2084 990 2150 enim
1014 2085 1160 2150 dominus
1182 2086 1260 2150 dare
1276 2086 1349 2153 vult
1372 2085 1521 2150 dodonis

329 2191 404 2256 suis.
452 2191 525 2255 Non
550 2191 645 2255 tolles

238 2317 368 2362 manum
391 2303 482 2363 tuam
505 2318 525 2362 a
547 2297 631 2362 filiis.
668 2298 725 2363 sed
748 2318 768 2362 a
790 2297 962 2366 ivuentute
985 2299 1113 2364 docebis
1138 2318 1191 2364 eos
1215 2298 1363 2364 timorem
1387 2297 1517 2363 domini.

328 2404 428 2473 Servo
453 2411 509 2471 tuo
535 2407 589 2472 vel
612 2405 696 2470 ancil

237 2513 269 2595 lq
297 2512 351 2592 qui
379 2511 413 2576 in
444 2511 580 2577 eundem
610 2516 745 2592 sperant
776 2512 952 2590 dominum,
983 2512 1017 2577 in
1047 2509 1119 2577 ira⁶
1150 2517 1209 2577 tua
1238 2531 1302 2578 non
1331 2511 1516 2594 imperabis,

328 2618 444 2683 timeat
465 2623 639 2698 utrumque
663 2619 825 2684 dominum
850 2625 885 2684 et

238 2731 282 2791 te.
320 2726 394 2790 Non
418 2725 501 2790 enim
524 2725 616 2792 venit
638 2731 677 2790 ut
698 2745 854 2806 personas
876 2725 1034 2792 iruutaret
1057 2727 1115 2791 sed
1143 2726 1177 2790 in
1208 2725 1324 2806 quibus
1349 2721 1521 2808 spiritum⁷

326 2831 461 2897 inuenit.
509 2831 576 2895 Vos
599 2836 710 2896 antem

238 2938 325 3004 serui
356 2937 492 3004 subiecti
530 2937 665 3003 dominis
697 2938 817 3004 uestris
849 2943 963 3004 estote.
1018 2945 1174 3021 tanquam
1204 2938 1307 3022 forme
1337 2937 1398 3006 dei.
1447 2958 1519 3005 eum

327 3045 450 3125 pudore
476 3049 511 3108 et
534 3049 637 3109 tremo

236 3171 282 3217 re.
322 3150 437 3216 Oderis
460 3169 586 3215 omnem
609 3149 857 3217 affectationem.
894 3156 928 3218 et
943 3154 1028 3234 quod
1043 3153 1102 3218 deo
1118 3173 1182 3217 non
1197 3153 1305 3234 placet
1321 3171 1384 3218 uon
1410 3151 1520 3218 facies.

328 3257 462 3322 Custodi
485 3276 561 3338 ergo
588 3256 634 3322 fili

236 3383 299 3453 quq
322 3364 451 3430 audisti.
498 3383 602 3444 neque
625 3383 767 3444 appones
790 3365 852 3431 illis
875 3365 1047 3432 contraria.
1094 3385 1199 3446 neque
1222 3366 1390 3432 diminues.
1441 3366 1515 3432 Non

328 3471 465 3537 aenedas

236 3580 278 3645 ad
308 3578 486 3644 orationem
517 3596 589 3642 eum
619 3577 816 3642 conscientia
846 3579 947 3656 mala;
991 3574 1082 3661 qu⁸
1113 3582 1164 3642 est
1192 3577 1246 3646 via
1269 3577 1347 3665 vite.
1395 3577 1520 3644 Mortis

326 3691 437 3752 autem
459 3684 514 3751 via
542 3688 594 3748 est
616 3683 662 3748 illi

236 3791 407 3858 contraria.
459 3790 596 3872 primum
634 3811 772 3871 nequam
808 3796 842 3856 et
876 3791 1055 3858 maledictis
1089 3789 1224 3872 plenat⁹
1276 3793 1511 3860 Methationes.

326 3897 505 3964 homicidia.
557 3896 641 3963 falsa
664 3898 744 3963 testi

236 4004 350 4070 monia.
386 4004 625 4070 fomioationes.
661 4004 821 4070 desideria
844 4005 938 4070 maia.
970 4006 1101 4092 magice.
1136 4005 1371 4073 medicamenta
1395 4007 1514 4089 iniqua.

326 4111 426 4176 furta.
463 4130 548 4197 vane

236 4217 493 4298 superstitiones.
529 4219 651 4303 rapine.
695 4217 928 4284 affectationes.
967 4218 1109 4284 fastidia.
1145 4219 1278 4286 malitia.
1322 4221 1517 4302 petulantia.

326 4325 499 4405 cupiditas,

326 4519 335 4548 ¹
354 4518 465 4572 tertium
484 4536 503 4573 u
523 4536 591 4572 corr.
610 4522 635 4572 2.
655 4536 762 4573 munus.
796 4520 806 4550 ‘¹
821 4519 918 4587 posuit
935 4537 952 4574 a
970 4520 1091 4574 radendo
1109 4521 1196 4574 locum
1215 4524 1240 4574 2.
1259 4535 1312 4586 m.;
1332 4523 1356 4576 1.
1378 4521 1521 4592 scripsisse

235 4607 344 4661 videtur
361 4608 430 4675 quis.
472 4608 633 4663 ⁸meroedis
649 4609 745 4676 primu
763 4625 863 4662 monuo
880 4625 963 4676 super
981 4609 1083 4662 lineam
1097 4609 1199 4677 posuit.
1241 4609 1305 4665 *σω
1320 4614 1424 4680 puncto
1443 4613 1469 4666 2.
1484 4627 1520 4666 m.

233 4696 377 4750 semicolon
390 4694 471 4763 feeit.
515 4696 652 4752 ⁵avertas
671 4698 790 4752 correxit
814 4701 839 4751 2.
858 4714 893 4750 m.
919 4696 1078 4751 scribones
1102 4713 1184 4766 super
1202 4715 1224 4754 e.
1269 4698 1280 4731 ⁶
1305 4715 1323 4754 o
1348 4699 1465 4756 librario
1487 4699 1519 4756 iu

234 4802 323 4838 onom
343 4785 452 4839 verbum
471 4789 648 4840 contractum.
695 4786 705 4817 ⁷
725 4788 856 4842 humilem
874 4789 899 4839 2.
913 4804 948 4840 m.
965 4786 1061 4854 posuit
1078 4803 1160 4855 super
1178 4787 1280 4842 tineam
1296 4792 1359 4858 poet
1378 4789 1518 4858 spiritum.

235 4873 246 4904 ⁸
264 4875 320 4927 Hee
339 4877 364 4926 1.
378 4889 429 4938 m.;
447 4879 473 4928 2.
493 4875 602 4928 addidit
614 4875 752 4944 virqulam
771 4880 796 4929 et
808 4876 959 4930 semicolon.
997 4875 1008 4906 ⁹
1025 4878 1052 4931 2.
1065 4892 1100 4930 m.
1114 4893 1148 4930 ou
1159 4880 1261 4944 porteto
1275 4875 1348 4946 serit
1360 4878 1516 4934 semicolon.
