3624 5556
313 374 354 436 96
663 385 709 437 [V.
729 385 780 438 Die
798 384 871 437 Zwei
890 384 977 451 Wege
995 383 1024 438 in
1044 384 1091 437 der
1109 381 1243 452 Liturgie.

311 562 711 648 folgendeAusfehrung1
734 563 854 629 weieht
876 583 940 631 ven
961 563 1033 627 dem
1056 562 1187 626 Inhalte
1210 561 1269 626 der
1284 561 1375 627 Zwei
1389 561 1494 644 Wege
1516 561 1594 628 vell-

312 672 443 754 st'andig
466 673 523 737 eb:

416 773 464 842 ‘H
485 777 521 841 δὲ
545 779 732 860 προαίρεσις
754 776 808 839 καὶ
830 769 868 838 νδ
889 774 1004 838 θέλειν
1029 776 1084 838 καί
1104 769 1141 836 τὸ
1165 771 1210 858 μὴ
1237 772 1352 838 θέλειν
1382 768 1472 858 ἡμῶν
1497 769 1593 850 ἐστίν,

312 885 379 956 οἵας
415 879 490 948 όδοῦ
521 880 723 968 θελήσαιμεν
758 876 897 959 ὁδεῦσαι,
934 880 1000 946 εἴτε
1031 886 1088 966 τῆς
1122 881 1200 966 ζωῆς
1233 879 1300 944 εἴτε
1334 885 1391 944 τοῦ
1429 877 1592 944 θανοὶιου·

311 995 481 1071 πανταχοῦ
503 984 728 1076 ῆπροαίρεσις
752 987 863 1066 αἴτιος,
888 992 1059 1067 πανταχοῦ
1082 981 1224 1073 ἡγνιόμη
1247 991 1351 1071 κυρία,
1369 983 1478 1051 Ὅπου
1497 983 1595 1070 φόβος

309 1103 402 1175 θεοῦ,
435 1095 504 1161 ἐκεῖ
535 1093 649 1182 ἀρετῆς
672 1092 843 1179 ἀνάβασις·
877 1090 964 1158 όποῦ
994 1098 1091 1158 κακία
1115 1095 1168 1156 καὶ
1192 1090 1331 1175 ἀμέλεια
1354 1096 1409 1157 καὶ
1434 1097 1593 1181 ῥᾳθυμία,

311 1201 381 1269 ἐκεῖ
401 1207 609 1289 παρανομίας
631 1199 813 1286 καιάβασις,
842 1199 967 1266 Σκόπει
990 1201 1027 1265 δὲ
1050 1203 1104 1264 καὶ
1128 1198 1268 1286 πρόσεχε
1298 1209 1366 1272 τοῖς
1388 1201 1592 1282 λεγομένοις·

311 1305 482 1394 ὀφθαλμὸς
513 1307 624 1395 ἐδόθη,
655 1309 710 1373 ἵνα
739 1309 870 1392 βλέπων
902 1305 1029 1396 δοξάζῃς
1063 1302 1120 1370 τόν
1150 1303 1329 1393 δεσπότην·
1363 1303 1430 1370 ἀλλ’
1459 1302 1518 1372 ἐὰν
1549 1305 1593 1392 μὴ

310 1419 412 1489 καλῶς
434 1415 535 1504 χρήσῃ
557 1422 602 1502 τῷ
625 1412 796 1501 ὀφθαλμῷ,
821 1419 966 1497 μοιχείας
989 1432 1039 1478 σοι
1063 1422 1191 1495 γίνεται
1215 1413 1327 1485 αἴτιος.

417 1525 458 1590 So
482 1525 573 1603 wird‚
599 1523 661 1589 νινε
684 1523 772 1588 Herr
795 1527 854 1590 Dr.
880 1529 918 1589 A.
945 1525 1136 1590 Bamnstark
1158 1522 1220 1588 mir
1242 1521 1424 1588 freundlich
1448 1522 1592 1600 mittem,

312 1633 396 1699 aueh
419 1652 460 1696 an
484 1632 547 1697 den
579 1630 714 1713 iibrigen
738 1630 857 1695 Sinnen
888 1630 1144 1714 naehgewiesen‚
1177 1631 1249 1696 dass
1281 1630 1336 1708 sie,
1368 1629 1594 1712 urspn'inglieh

311 1759 383 1804 zum
410 1738 523 1803 Preise
554 1738 672 1804 (δολίου
706 1736 883 1814 bestimmt‚
913 1739 948 1819 χε
979 1738 1063 1802 nach
1095 1738 1168 1802 dem
1201 1737 1402 1814 Gebrauche,
1438 1737 1501 1802 den
1536 1737 1595 1802 der

310 1847 445 1910 Menseh
478 1846 584 1912 daven
616 1846 734 1922 mecm,
769 1844 916 1909 Ursaehe
948 1845 1005 1909 des
1037 1844 1165 1910 Lebens
1202 1845 1279 1909 eder
1312 1845 1370 1909 des
1403 1845 1508 1910 Tedes
1541 1844 1595 1909 fiir

309 1953 366 2018 ihn
404 1953 545 2017 werden.
604 1952 677 2016 Den
715 1951 843 2017 Sehluss
881 1954 992 2017 maeht
1029 1951 1081 2017 die
1115 1951 1334 2035 Verheissung
1372 1952 1430 2017 der
1467 1952 1594 2034 ewigen

311 2059 468 2140 Seh'gkeit
498 2058 551 2124 fiir
581 2058 633 2124 die
663 2059 724 2123 den
755 2059 840 2141 Weg
870 2059 927 2124 des
957 2059 1086 2124 Lebens
1115 2058 1357 2124 Wandelnden:
1394 2060 1448 2121 καὶ
1479 2056 1523 2129 εἰς
1553 2051 1593 2120 ιδ

309 2172 442 2245 ταμιεῖα
476 2169 535 2227 τοῦ
569 2166 769 2248 παραδείσου
803 2166 857 2227 καὶ
891 2163 936 2236 εἰς
967 2163 1026 2249 τὴν
1060 2159 1163 2249 χαράν
1198 2163 1257 2250 τὴν
1293 2166 1510 2246 διαμένουσαν
1549 2164 1593 2236 εἷς

311 2269 412 2334 αἰῶνα
430 2269 560 2341 αἰῶνος·
585 2265 677 2356 ἡμῶν
701 2266 761 2354 γὰρ
783 2266 819 2334 ιδ
844 2271 1028 2353 πολίτευμα
1045 2268 1081 2335 ἐν
1105 2268 1252 2357 οὐρανοῖς
1268 2265 1447 2356 όπάρχονῖ.
1474 2269 1594 2335 Πάνια

311 2372 370 2461 χάρ
391 2372 430 2440 ιά
450 2375 642 2459 βλεπόμενα
663 2376 865 2463 πρόσκαιρα3
887 2379 941 2441 καὶ
963 2373 1014 2442 διά
1036 2383 1131 2441 τοῦτο
1153 2376 1397 2460 σπουδάσωμεν,
1419 2374 1593 2462 ἀγαπητοί,

310 2483 364 2546 ἵνα
395 2483 501 2546 καλῶν
526 2481 627 2568 ἔργων
657 2486 711 2547 καὶ
741 2486 910 2556 πολιτείας
940 2480 1066 2571 ἀγαθῆς
1095 2483 1386 2570 κληρονομήσωμεν
1415 2480 1455 2548 τὰ
1480 2483 1594 2548 αίιόνια

312 2587 439 2669 ἀχαθά·
466 2587 536 2654 ἐκεῖ
558 2588 649 2654 ἔσται
671 2587 708 2654 ιδ
732 2596 799 2672 μῶς
822 2594 876 2655 καὶ
899 2586 918 2675 ἡ
941 2585 1025 2676 χαρὰ
1049 2594 1102 2655 καὶ
1126 2585 1145 2676 ἡ
1169 2590 1230 2677 ζωὴ
1253 2594 1307 2656 καὶ
1331 2588 1509 2662 ἀπόλαυσις
1531 2597 1594 2655 τῶν

311 2693 563 2776 ἀγωνιζομένων.

417 2805 487 2869 Aus
511 2805 584 2870 dem
608 2825 674 2870 nun
698 2805 869 2888 folgenden
893 2807 1004 2872 Satze:
1039 2805 1100 2870 εἰσὶ
1123 2807 1158 2870 δὲ
1181 2801 1221 2868 ιὰ
1250 2804 1412 2888 κεᾳάλαια
1435 2800 1475 2869 ιά
1504 2803 1593 2868 πάνυ

310 2907 459 2992 ὠφέλιμα
483 2913 537 2974 καὶ
561 2906 663 2995 ὡραῖα
686 2916 788 2974 ταῦτα
815 2912 860 2977 ist
890 2933 931 2978 zu
960 2913 1141 2992 sehliessen,
1167 2915 1239 2979 dass
1263 2915 1315 2979 die
1337 2933 1440 2996 ganze
1463 2933 1594 2981 Vereus-

310 3019 457 3101 gehende
480 3019 694 3100 Ermahnung
716 3039 778 3084 nur
800 3020 849 3084 als
874 3019 945 3085 eine
968 3022 1033 3085 Art
1055 3041 1118 3088 ven
1138 3021 1288 3086 Verwert
1311 3022 1389 3086 oder
1405 3020 1594 3103 Einleitung

311 3143 352 3189 zu
371 3124 428 3188 der
444 3124 720 3206 umfenglicheren
736 3125 859 3190 Schrift
873 3127 1062 3192 betraehtet
1084 3128 1216 3193 werden
1232 3127 1308 3204 will,
1333 3127 1385 3192 die
1407 3146 1474 3191 nun
1497 3131 1595 3191 unter

311 3231 383 3296 dem
413 3231 539 3295 Nemen
570 3231 628 3295 des
660 3232 703 3296 hl.
734 3232 951 3298 Jehennes
983 3233 1312 3316 chrysostomus
1345 3233 1513 3316 naehfolgt
1545 3233 1593 3298 als

310 3337 512 3420 angebliche:
531 3332 659 3422 Ἐκλοχι)
677 3332 746 3400 ἀπὸ
760 3337 924 3421 διαφόρων
939 3339 1069 3422 βιβλίων
1085 3345 1143 3404 τοῦ
1158 3334 1251 3419 ἀχίου
1265 3337 1418 3402 Ἰωάννου
1438 3344 1496 3401 ιὀῦ
1508 3344 1592 3418 Χρυ-

311 3441 468 3524 σοσιόμου
480 3441 644 3524 κεφαλαια
658 3441 697 3527 ρ’.
723 3445 775 3510 Sie
787 3446 923 3528 beginnt
935 3448 995 3512 mit
1010 3448 1082 3512 dem
1095 3447 1234 3513 zweiten
1246 3448 1349 3513 Verse
1361 3447 1419 3512 der
1431 3446 1592 3512 Didaehe:

356 3544 426 3634 Πρὸ
452 3547 587 3613 πάνιων
611 3555 714 3633 φοβοῦ
737 3545 899 3615 τὸνθεόν
923 3555 977 3615 καὶ
1002 3549 1053 3616 ἀεὶ
1076 3551 1262 3650 μνημόνευε
1287 3548 1385 3615 αὐτοῦ
1409 3548 1564 3615 πάνιοιε.

354 3651 474 3735 Ἀχάπα
497 3654 608 3740 κόριον
631 3652 688 3720 τὸν
711 3655 793 3721 θεόν
817 3676 873 3721 σου
899 3655 934 3734 ἐξ
956 3653 1029 3744 ὅλης
1052 3664 1108 3745 τῆς
1134 3663 1238 3744 ψυχῆς
1261 3677 1339 3722 σου.
1358 3706 1392 3721 ..
1418 3653 1527 3721 Πᾶνό
1548 3651 1591 3742 μὴ

311 3763 422 3833 θέλεις
445 3768 600 3842 γενέσθαι
624 3783 683 3840 σοι,
715 3766 768 3827 καὶ
793 3759 830 3826 σδ
854 3770 950 3828 τοῦτο
976 3760 1060 3850 ἄλλῳ
1083 3762 1127 3851 μὴ
1153 3763 1290 3852 ποιήσῃς
1320 3767 1386 3832 und
1413 3765 1484 3848 gibt
1508 3766 1593 3830 daun

312 3871 455 3936 sittliehe
469 3870 608 3950 Lehren‚
634 3872 686 3937 die
706 3892 780 3937 zum
796 3874 865 3938 Tei]
882 3874 1031 3940 wertlich
1047 3875 1105 3939 der
1120 3874 1266 3939 Didaehe
1283 3879 1495 3947 entnommen,
1521 3892 1594 3938 zum

309 3980 478 4060 gresseren
501 3978 590 4043 Teile
615 3981 694 4044 aber
716 3979 776 4044 mit
799 4000 904 4045 neuen
928 3983 1092 4046 Zusetzen
1115 3982 1283 4048 vermehrt
1306 3980 1386 4045 sind.

416 4084 488 4148 Auf
507 4087 565 4149 der
587 4086 767 4151 Riickseite
789 4106 853 4154 von
876 4088 971 4152 Blatt
995 4092 1036 4154 53
1061 4089 1152 4152 steht
1175 4087 1233 4151 der
1256 4087 1400 4152 Schluss:

415 4185 620 4275 Ἐμβλίψαιε
652 4190 698 4262 είς
727 4187 783 4262 υάς
814 4187 947 4278 ἀρχαίας
978 4187 1090 4271 χενεάς
1120 4195 1174 4256 καὶ
1203 4191 1298 4268 ἴδετε,
1330 4187 1380 4254 ὅτι
1404 4189 1433 4252 οἱ
1457 4195 1501 4276 τῷ
1523 4193 1594 4274 θεῷ

310 4293 581 4380 εάαρεστήσανιες
611 4293 663 4360 διὰ
687 4302 916 4381 μακροθυμίας
946 4301 1001 4362 καὶ
1025 4292 1193 4382 ὑπομονῆς
1218 4296 1379 4377 ἐπέτυχον
1402 4302 1465 4360 νῶν
1491 4294 1588 4375 ἐπαχ-

310 4402 433 4481 χελιών.

418 4578 427 4610 ¹
440 4580 491 4633 Die
505 4595 558 4634 von
572 4580 632 4633 dem
646 4579 771 4646 Skripter
784 4580 831 4633 der
844 4579 991 4647 Vatikene‚
1003 4581 1092 4633 Herrn
1104 4579 1220 4633 Franehi
1234 4580 1272 4632 de'
1286 4577 1428 4644 Gavalieri‚
1442 4578 1594 4647 gefertigte

309 4669 451 4724 Absehrift
469 4670 607 4722 verdanke
626 4667 670 4722 ich
688 4670 778 4722 Herrn
796 4669 906 4736 Kaplan
924 4670 949 4723 J.
970 4669 1101 4736 Scherg
1119 4668 1149 4723 in
1168 4668 1214 4722 der
1232 4669 1342 4722 Anima.

419 4756 429 4786 ¹
447 4758 518 4811 Phil.
538 4757 563 4825 3,
583 4757 626 4810 20.

418 4845 428 4875 ³
447 4847 510 4914 Vgl.
524 4847 619 4901 Μαι.
633 4847 659 4913 4,
679 4848 720 4899 18.
