3624 5556
498 437 623 505 Epistola
642 437 782 492 cuiusdam
803 437 953 492 adversarii
972 437 1096 506 Gregorii
1115 453 1201 506 papae
1219 438 1280 492 VII.
1462 425 1525 488 123

247 617 354 682 dicare
377 636 499 697 nosque
522 637 542 682 a
565 616 794 683 communione.
828 616 903 697 quia
926 623 1038 700 sancte
1060 617 1133 683 iura
1148 616 1361 698 persoluimus
1386 616 1432 682 eis
1454 617 1525 682 obe-

247 723 367 807 dientie
378 730 571 808 presumant
583 743 735 807 separare
746 722 766 789 ¹.
784 723 1525 811 0111111111(11111111111111111111111111

246 830 405 896 interesse
423 831 580 897 audimus.
619 832 751 911 Uosque
767 830 931 899 affirmare
954 833 1108 914 quosdam
1131 829 1299 913 pontifices
1321 835 1525 896 sacramenta

247 937 356 1003 diuina
378 939 531 1020 polluere.
572 938 651 1004 Cum
671 939 846 1004 secundum
868 939 1066 1006 katholicam
1088 938 1194 1003 fidem.
1230 957 1290 1003 nec
1313 936 1525 1003 sacramentis

246 1044 363 1110 diuinis
378 1064 494 1110 nocere
510 1045 632 1126 poterit
647 1044 825 1126 quisquam.
855 1067 916 1112 uec
931 1051 1135 1112 sacramenta
1149 1044 1258 1110 diuina
1273 1044 1394 1112 iniuste
1409 1063 1525 1110 nocere

246 1151 371 1231 possint
394 1151 552 1231 cuiquam.
589 1151 664 1232 quia
693 1171 753 1218 nec
775 1153 855 1218 deus
884 1154 1000 1236 inpure
1029 1171 1144 1218 nocere
1172 1151 1298 1233 patitur
1322 1170 1523 1232 quemquam.

247 1256 309 1339 Qui
333 1257 416 1323 enim
439 1263 544 1324 nocet.
581 1258 629 1324 ait
652 1260 827 1340 apostolus.
863 1261 997 1343 recipiet
1018 1261 1052 1326 id
1075 1259 1160 1341 quod
1181 1256 1301 1324 nocuit.
1348 1259 1524 1323 Possumus

247 1363 345 1429 etiam
368 1365 408 1430 de
431 1365 493 1431 hac
507 1384 544 1430 re
567 1365 764 1430 sententiam
779 1363 924 1432 Nicolai²
946 1367 979 1431 in
1003 1366 1142 1432 medium
1159 1366 1349 1431 adtrahere:
1375 1364 1525 1447 Quicum

245 1470 506 1553 inte1rogaretur
519 1477 630 1539 vtrvm
646 1472 765 1537 debeat
787 1473 964 1538 communio
980 1493 1000 1538 a
1016 1473 1185 1538 sacerdote
1200 1471 1301 1553 accipi
1315 1471 1350 1536 in
1366 1471 1525 1536 adulterio

246 1577 445 1658 deprehenso
478 1578 534 1643 ait.
581 1579 653 1642 Non
685 1579 808 1661 poterit
837 1581 891 1660 qni
922 1581 1066 1663 pollutus
1097 1584 1149 1644 est
1179 1584 1384 1644 sacramenta
1416 1577 1525 1646 diuina

245 1685 397 1765 polluere.
433 1705 516 1766 quae
538 1685 728 1768 purgatoria
750 1692 940 1753 cunctarum
962 1707 1070 1753 rerum
1087 1691 1121 1753 et
1136 1686 1278 1753 remedia
1294 1685 1525 1768 cogitationum

245 1791 377 1857 noscitis
394 1792 544 1858 existere.
579 1793 648 1858 Nec
666 1792 742 1859 solis
760 1793 870 1860 radius
893 1813 951 1875 per
974 1795 1099 1860 cloacas
1122 1795 1175 1862 vel
1197 1793 1335 1859 latrinas
1361 1791 1524 1858 transiens

245 1897 365 1978 aliquid
383 1898 457 1964 inde
480 1899 761 1966 contaminationis
775 1899 898 1982 poterit
912 1901 1095 1966 adtrahere.
1131 1900 1272 1966 Proinde
1295 1899 1525 1981 qualiscunque

246 2004 290 2069 sit
313 2004 472 2083 sacerdos,
497 2024 581 2085 quae
604 2012 719 2072 sancta
742 2011 827 2085 sunt,
853 2007 1065 2073 contaminari
1086 2026 1150 2073 non
1165 2011 1311 2089 possunt.
1347 2007 1459 2072 itcirco
1483 2008 1524 2072 ab

246 2131 283 2176 eo
306 2130 472 2192 usquequo
502 2111 618 2178 iudicio
648 2113 876 2195 magistrorum
905 2114 1107 2196 reprobetur.
1143 2113 1320 2180 communio
1345 2118 1397 2179 est
1426 2112 1525 2195 perci·

244 2218 370 2299 pienda.
421 2218 578 2301 Quoniam
601 2219 677 2284 mali
700 2220 954 2286 administrando
980 2221 1065 2285 bona
1088 2239 1124 2285 se
1147 2220 1369 2285 tantummodo
1392 2219 1522 2284 ledunt:

245 2325 292 2389 Et
317 2325 408 2406 picea
438 2325 494 2391 fax
517 2345 662 2392 accensa.
699 2326 760 2392 sibi
782 2327 910 2407 quidem
941 2327 1171 2392 detrimentum
1194 2331 1300 2408 parat.
1336 2327 1391 2392 alii
1413 2330 1524 2392 autem

245 2431 353 2497 lumen
369 2427 585 2498 administrat.
623 2438 657 2498 et
672 2434 757 2498 unde
776 2433 847 2499 aliis
863 2434 1061 2499 commodum
1077 2435 1200 2518 prebet,
1225 2433 1300 2498 inde
1323 2433 1383 2498 sibi
1399 2433 1523 2514 dispen-

245 2537 331 2602 dium
347 2537 435 2603 facit.
472 2538 596 2604 Sumite
613 2559 689 2622 ergo
703 2539 864 2622 intrepide
879 2542 921 2606 ab
944 2537 1094 2621 unoque³
1117 2540 1286 2606 sacerdote
1301 2538 1343 2604 Xi
1365 2539 1520 2605 misteria.

245 2643 320 2725 quia
349 2645 382 2710 in
413 2645 476 2710 fide
506 2651 690 2728 purgantur
720 2646 834 2712 omnia.
882 2647 981 2713 Fides
1004 2647 1089 2713 enim
1119 2646 1220 2712 uincit
1251 2648 1336 2712 hunc
1359 2647 1521 2712 mundum.

248 2750 406 2830 quianon
436 2751 554 2817 dantis.
591 2753 649 2818 sed
672 2751 858 2834 accipientis
889 2759 941 2819 est
970 2753 1095 2819 merito.
1142 2752 1203 2819 Sco
1226 2751 1435 2819 iheronimo4
1458 2771 1523 2817 cre·
1556 2831 1558 2836 ,

245 2857 384 2922 dendum
415 2863 467 2922 est
496 2858 625 2923 dicenti.
678 2859 718 2923 In
748 2859 833 2924 omni
862 2860 970 2925 anima
1000 2860 1196 2942 suscipiente
1225 2859 1421 2940 baptismum
1451 2877 1523 2924 esse

244 2964 433 3045 perfectum.
481 2964 533 3030 Sic
562 2965 596 3030 in
624 2965 709 3030 omni
739 2966 908 3031 sacerdote
932 2966 1054 3032 Christi
1083 2985 1199 3048 corpus
1231 2985 1303 3031 esse
1331 2964 1521 3047 perfectum.

245 3070 307 3152 Qui
329 3090 443 3136 rursus
467 3090 559 3155 sacre
582 3072 742 3158 scripture
765 3073 961 3138 concordans
984 3073 1041 3139 ait.
1088 3075 1184 3139 Prius
1208 3092 1304 3153 quam
1328 3072 1450 3148 audias¹
1481 3091 1522 3137 ne

243 3168 437 3243 iudicaueris
450 3198 651 3259 quemquam.
671 3184 705 3245 et
717 3184 795 3245 ante
804 3179 1026 3261 probationem
1037 3180 1129 3263 illata
1139 3179 1353 3246 accusationis
1363 3179 1522 3244 neminem

244 3304 264 3349 a
279 3284 499 3351 communione
515 3305 676 3368 segreges.
701 3286 808 3369 Igitur
823 3286 901 3352 uisis
919 3306 981 3374 que
996 3287 1037 3353 de
1052 3287 1172 3352 talibus
1185 3286 1352 3352 sentimus.
1376 3290 1521 3352 vestram

244 3391 487 3457 fraternitatem
519 3393 734 3458 obsecramus
777 3393 930 3461 videlicet
959 3393 1075 3459 alicubi
1107 3393 1253 3458 fraterne
1286 3392 1457 3460 convenite
1488 3397 1522 3457 et

243 3499 327 3564 hanc
350 3519 418 3564 rem
441 3499 606 3565 nobiscum
630 3500 791 3565 discutite.
828 3500 903 3580 quia
927 3501 954 3566 si
984 3500 1184 3582 prevaluerit
1214 3504 1328 3568 vestra
1358 3498 1522 3565 sententia

243 3605 276 3670 in
301 3607 412 3672 eadem
434 3606 694 3688 permanebimus
718 3626 788 3672 cum
813 3607 898 3672 omni
920 3607 1139 3673 fraternitatis
1163 3606 1339 3689 diligentia.

351 3873 360 3903 ¹
379 3872 493 3927 ultimae
505 3872 612 3926 litterae
623 3889 679 3926 aon
689 3872 824 3926 ridentur.
845 3871 855 3902 ²
867 3873 973 3927 litterae
985 3872 1123 3941 capitales.
1150 3872 1160 3902 ⁸
1172 3873 1219 3926 ele.
1239 3871 1250 3902 ⁴
1263 3871 1370 3926 litterae
1381 3873 1519 3942 capitales.
