3630 5568
285 401 326 466 28
675 417 710 469 ΙΙ.
731 416 782 470 Die
800 415 955 483 Freisinger
973 416 1162 471 Handsohriit.

389 602 442 663 38.
484 595 584 661 Dum.
608 595 661 661 Il.
690 595 772 677 post
794 595 937 678 pascha.
977 595 1090 661 Lectio
1120 595 1337 678 b.Pet1iap.
1379 596 1559 675 Rarissimi,

283 703 432 769 Christus
453 722 570 785 passus
595 707 646 767 est
668 722 725 783 pro
749 701 850 767 nobis.
894 707 912 767 1
935 705 1018 771 Patr.
1045 708 1075 781 2,
1094 708 1143 768 21.

388 810 525 874 Fratres
562 808 742 886 karissimi,
774 807 807 873 in
837 808 976 875 lectione
1009 809 1186 891 apostolica
1214 831 1310 890 quam
1341 810 1495 889 audistiS,
1528 813 1558 876 b.

281 917 401 982 Petrus
425 916 547 981 Christi
569 935 628 981 nos
650 915 771 980 imitari
794 920 905 980 monet
928 916 1082 996 exempla.

388 1027 441 1090 38.
484 1022 585 1088 Dom.
617 1022 691 1087 III.
721 1023 803 1105 post
833 1023 975 1105 pascha.
1017 1022 1129 1088 Lectio
1160 1023 1252 1088 Petri
1279 1044 1329 1105 ap.
1377 1023 1557 1103 Karissimi,

281 1132 412 1196 obsecro
435 1149 494 1198 vos
518 1136 683 1211 tamquam
706 1130 851 1197 advenas
872 1134 906 1194 et
928 1129 1125 1212 peregrinos.
1169 1136 1187 1196 1
1210 1134 1405 1209 Pctr.2,11.

387 1243 438 1305 39.
469 1238 609 1303 Pulchre
632 1237 713 1302 satis
737 1237 889 1302 admonet
906 1241 940 1301 et
954 1237 1149 1302 adhortatur
1164 1256 1222 1302 nos
1239 1238 1413 1318 apostolus
1439 1237 1559 1303 iratres

279 1344 451 1423 karissimi,
475 1349 514 1410 ut
537 1343 663 1412 audivit
685 1343 719 1408 in
742 1343 908 1424 praesenti
929 1343 1070 1409 lectione
1093 1343 1222 1408 dilectio
1246 1348 1360 1411 vestra
1377 1396 1383 1408 .
1403 1396 1436 1408 ..

372 1455 437 1517 40.
469 1451 571 1515 Dom.
595 1450 687 1516 1111.
710 1451 793 1532 post
815 1450 957 1533 pascha.
992 1449 1105 1515 Lectio
1129 1451 1153 1516 J
1154 1450 1245 1515 acobi
1268 1451 1433 1532 apostoli„
1452 1451 1555 1517 Omne

279 1557 580 1638 datumoptimum.
614 1560 722 1627 Jacob.
747 1562 842 1640 1,17.

385 1665 436 1730 De
458 1664 551 1730 donis
574 1663 692 1732 divinis
715 1668 873 1745 quantum
903 1663 995 1730 nobis
1027 1664 1078 1729 dei
1100 1663 1207 1746 pietas
1235 1665 1403 1744 concessit,
1436 1665 1557 1732 fratres

278 1771 449 1850 karissimi,
474 1773 592 1838 beatus
615 1772 768 1836 Jacoous.

386 1883 433 1946 41.
459 1880 644 1963 Zeitcnpatc
658 1879 735 1962 fehlt
746 1874 766 1941 ¹.
798 1876 939 1942 Homilia
953 1877 1101 1943 lectionis
1115 1877 1266 1945 eiusdem.
1287 1879 1406 1944 Estote
1417 1879 1558 1946 factores

278 1986 379 2054 verbi.
415 1988 522 2054 Jccod.
540 1989 566 2068 1,
584 1990 637 2051 22.

306 2127 307 2130 π
383 2093 493 2158 Verba
516 2091 626 2159 divina
641 2090 738 2156 factis
753 2110 812 2156 nos
828 2091 1012 2172 adimplere,
1039 2092 1067 2157 si
1082 2092 1124 2156 ad
1139 2093 1273 2158 celestia
1288 2113 1390 2176 regna
1407 2095 1556 2161 volumus

278 2199 457 2281 pervenire.
493 2203 556 2266 Ant
578 2203 708 2266 Rorcdc:
732 2198 831 2264 Beda.

385 2303 445 2373 ll'.
477 2305 521 2371 In
544 2305 680 2371 letania
696 2303 843 2388 majore.
875 2305 988 2371 Lectio
1009 2306 1125 2371 Jacobi
1150 2326 1200 2389 ap.
1230 2305 1434 2372 Confitemini
1461 2309 1556 2374 alter-

277 2418 387 2479 utrum
409 2417 553 2495 peccata.
584 2415 692 2480 Jacob.
718 2419 816 2495 5,16.

384 2520 436 2584 Ad
459 2520 614 2601 optimum
638 2519 753 2585 salutis
776 2525 910 2586 nostrae
931 2519 1108 2585 remedium
1131 2521 1284 2586 hortatur
1306 2540 1365 2585 nos
1389 2523 1554 2602 apostolus

261 2627 429 2708 ‚Jacobus
469 2631 532 2694 Am
554 2629 684 2693 Rocdc:
708 2626 922 2708 Augustinus.
1391 2680 1393 2685 .

256 2749 260 2757 ·
383 2729 447 2799 42’.
485 2732 530 2799 Iu
553 2732 680 2814 vigilia
710 2751 845 2800 ascens.
868 2732 950 2799 lini.
996 2733 1109 2800 Lectio
1136 2736 1167 2799 b.
1192 2734 1287 2800 Pauli
1309 2754 1359 2816 ap.
1389 2735 1431 2800 ad
1453 2734 1552 2800 Elios.

276 2839 456 2920 Unicuique
479 2844 589 2906 autem
612 2845 760 2905 nostrum
783 2840 862 2905 data
886 2845 938 2905 est
960 2840 1076 2922 gratia.
1113 2845 1225 2927 Epdcs.
1250 2847 1280 2925 4,
1300 2846 1329 2908 7.

383 2946 531 3012 Gratiam
562 2952 597 3012 et
625 2946 874 3013 misericordiam
907 2947 1037 3013 Domini
1067 2947 1171 3014 nostri
1198 2948 1281 3014 Jesu
1305 2947 1427 3014 Christi
1458 2968 1554 3029 quam

275 3054 387 3135 generi
410 3053 548 3118 contulit
569 3055 720 3119 humano.

382 3157 445 3226 43'.
463 3205 465 3210 ,
480 3160 575 3226 LXV
599 3162 665 3242 (1111
688 3162 831 3241 Batrach-
855 3162 900 3227 In
923 3161 980 3228 die
1004 3162 1127 3228 sancto
1152 3163 1371 3228 ascensionis
1394 3161 1554 3228 Domini.

274 3267 418 3333 Primum
441 3268 569 3349 quidem
583 3287 772 3334 sermonem
794 3268 857 3334 ieci
880 3269 920 3334 dc
944 3269 1090 3335 omnibus
1114 3289 1132 3334 o
1156 3269 1340 3350 Theophila.
1390 3277 1456 3338 Act.
1476 3275 1506 3352 1,
1526 3277 1552 3338 1.

380 3374 487 3440 Lucas
521 3374 731 3458 evangelista,
765 3374 886 3441 iratres
918 3376 990 3454 mci,
1025 3376 1080 3456 qui
1110 3397 1209 3443 unum
1243 3397 1282 3442 ex
1312 3377 1360 3440 IV
1377 3376 1553 3460 evangeliis

275 3480 405 3561 scripsit
421 3480 547 3547 librum.

700 3700 813 3764 VIII.
837 3701 959 3780 Laoc,
986 3700 1013 3764 8
1040 3701 1118 3764 Bll.

380 3860 432 3922 45.
473 3846 663 3942 chrschrist
676 3863 710 3924 ia
728 3867 815 3928 roten
830 3862 1143 3946 Kopitclbucdstobcn
1154 3861 1174 3925 .·’
1189 3857 1393 3941 Capitulum
1415 3859 1550 3937 (autor)

274 3961 459 4027 Dominica
489 3962 521 4028 1.
551 3965 633 4046 post
663 3983 808 4032 ascensa
838 3965 918 4032 lini.
953 3967 1066 4032 Lectio
1097 3965 1232 4047 epistole
1261 3967 1292 4030 b.
1324 3964 1416 4030 Petri
1446 3969 1549 4046 apost.

272 4069 452 4149 Karissimi,
478 4075 585 4136 estote
607 4071 719 4152 itaque
741 4073 919 4153 prudentes
943 4079 977 4139 ct
999 4069 1163 4156 vigilate².
1200 4084 1217 4140 1
1240 4076 1323 4142 Pctr.
1348 4077 1377 4155 4,
1396 4077 1424 4140 7.

379 4177 567 4258 Apostolica
593 4198 652 4244 nos
675 4180 785 4258 verba,
822 4179 943 4246 iratres
973 4181 1144 4260 karissimi,
1177 4181 1382 4247 considerare
1411 4184 1549 4260 oportet.

379 4289 422 4350 45
426 4282 442 4348 ’.
474 4284 519 4350 Iu
532 4285 661 4367 uigilia
676 4286 773 4368 pent.
805 4286 918 4352 Lectio
935 4293 1066 4354 actuum
1082 4289 1310 4370 apostolorum.
1329 4287 1408 4354 Cum
1424 4287 1548 4369 Apollo.

272 4393 450 4473 1111111.
1114 4397 1115 4400 ¹

378 4496 568 4565 Plenissime
591 4501 728 4581 quidem,
753 4501 844 4566 nobis
867 4502 1076 4581 dilectissimi,
1106 4523 1236 4570 causam
1268 4508 1367 4583 atque
1390 4502 1549 4568 rationem

270 4605 453 4684 praesentis
482 4604 685 4674 festivitatis.
729 4613 761 4675 S.
785 4611 899 4676 Leonis
927 4634 1025 4676 sermo
1052 4615 1094 4676 76
1118 4612 1238 4698 (Mc'qoc
1263 4614 1298 4676 P.
1315 4612 1353 4676 L.
1379 4615 1432 4694 54,
1457 4610 1547 4689 404).

379 4815 388 4846 ¹
407 4815 460 4870 Bci
477 4817 581 4871 Alkuin
600 4817 682 4872 Dom.
701 4817 723 4870 Ι
726 4817 764 4883 V,
778 4819 848 4887 jetct
865 4820 947 4874 Dora.
963 4820 993 4876 V.

378 4903 389 4934 ¹
411 4903 470 4958 Wic
483 4903 566 4972 jcizt,·
584 4905 624 4960 im
645 4906 736 4962 Comes
754 4907 855 4976 Ephcs.
868 4912 894 4973 2,
913 4912 1000 4963 4-7:
1020 4910 1072 4977 Qui
1092 4911 1167 4965 dives
1187 4915 1236 4965 est.
