3630 5568
677 372 851 426 Verzeiohnis
871 372 918 425 der
936 371 1081 425 Homilien.
1475 356 1518 420 33

346 555 367 616 7
368 556 389 616 2
401 546 417 614 '.
464 550 565 641 Dom.
583 553 714 631 (iterur,
729 554 850 637 Spmea
865 575 925 616 uon
936 549 986 619 X)
999 546 1011 583 ²
1025 568 1059 631 p.
1071 549 1267 632 pentecost.
1301 547 1414 613 Lectio
1426 546 1520 612 Pauli

239 659 281 724 ad
299 658 369 723 Cor.
395 655 542 735 Fratres,
567 656 692 740 gratias
708 676 769 739 ago
786 658 844 722 deo
869 676 939 722 meo
964 676 1090 737 semper
1110 676 1167 738 pro
1183 655 1284 723 vobis.
1320 659 1338 721 i
1357 658 1427 722 Cor.
1444 660 1472 736 1,
1488 658 1518 720 4.

346 766 470 830 Beatus
491 764 656 844 apostolus
674 765 798 830 Paulus
814 763 847 828 in
862 763 1028 845 praesenti
1042 763 1180 828 lectione
1196 763 1319 845 gratias
1336 763 1395 828 deo
1418 760 1521 827 refert

241 870 454 954 omnipotenti
476 890 533 952 pro
558 870 725 935 fratribus.

689 1122 786 1187 m.
811 1121 935 1201 napo,
959 1120 986 1184 s
1008 1120 1090 1184 Bu.

351 1294 393 1354 73
405 1285 421 1353 '.
459 1289 503 1355 In
527 1287 643 1352 netuli
666 1305 695 1354 s.
723 1286 934 1352 llichaholis
958 1284 1176 1366 archangeli.
1220 1285 1332 1350 Lectio
1354 1285 1428 1350 libri
1451 1304 1523 1365 apo-

243 1397 301 1462 cal.
334 1395 494 1461 iohannis
530 1399 633 1476 apest.
684 1394 730 1458 Ft
760 1394 883 1459 factum
914 1398 965 1458 est
994 1392 1151 1473 praelium
1180 1413 1331 1475 magnum
1360 1391 1394 1456 in
1424 1391 1522 1456 caelo.

242 1509 340 1588 Apoc.
358 1507 409 1585 12,
428 1508 457 1567 7.

350 1608 542 1674 Veneranda
552 1608 748 1686 solemnitas
763 1627 858 1688 quarn
868 1607 963 1671 hodie
972 1603 1522 1684 celebramusdileetissimifratres,

245 1717 402 1781 dedicatio
428 1720 479 1780 est
503 1715 657 1780 ecclesiae
680 1734 704 1779 s.
730 1714 897 1779 Michaelis
921 1715 1107 1796 archangeli
1129 1715 1162 1779 in
1185 1718 1294 1804 mente
1318 1712 1479 1794 Gargano.

353 1828 404 1888 74.
430 1822 633 1887 Ilhdomada
648 1821 766 1904 prima
781 1821 863 1904 post
876 1820 1115 1886 festivitatem
1131 1839 1159 1886 s.
1172 1818 1390 1885 llichahelis.
1413 1818 1525 1883 Lectio

245 1929 339 1994 Pauli
356 1929 398 1994 ad
409 1928 509 1994 Effes.
534 1929 747 1996 Renovamini
766 1927 882 2008 spiritu
899 1928 1016 1993 mentis
1037 1933 1179 1995 vestrae.
1208 1911 1330 2014 Ephe,
1343 1931 1396 1993 23.

353 2037 541 2102 Lectionem
580 2037 722 2103 divinam
761 2056 843 2116 quae
883 2036 1015 2101 auribus
1053 2035 1174 2102 vestris
1211 2034 1363 2111 insonuit,
1406 2031 1527 2097 fratres

355 2265 407 2325 75.
456 2258 658 2323 thomuda
681 2257 734 2323 ΙΙ.
758 2278 791 2341 p.
817 2257 901 2324 fast.
926 2276 955 2323 s.
973 2256 1195 2323 llichahelis.
1234 2256 1347 2322 Lectio
1370 2255 1465 2320 Pauli
1487 2254 1528 2319 ad

248 2366 397 2432 Fffesios.
445 2365 563 2430 Videte
594 2364 706 2444 itaque
736 2365 886 2445 quoniam
911 2370 1008 2429 eante
1039 2364 1221 2430 ambuletis.
1275 2367 1467 2449 th.5,15.

356 2473 550 2554 Apostolum
567 2492 639 2536 eum
655 2472 819 2552 legeretur
836 2472 981 2552 epistola,
1000 2471 1160 2536 dicentem
1176 2470 1330 2536 audistis:
1347 2469 1504 2534 Videte..
1521 2521 1527 2531 .

250 2579 422 2644 ambuletis
455 2631 461 2642 .
489 2631 494 2642 .
522 2631 528 2642 .
561 2578 733 2659 sapientes.
780 2578 875 2642 Unde
908 2577 1102 2643 exercitatos
1133 2583 1242 2643 monet
1265 2578 1386 2642 habere
1416 2595 1529 2641 sensus

251 2687 292 2751 ad
323 2686 568 2751 discernendum
599 2687 717 2749 benum
750 2690 783 2748 et
813 2686 941 2749 malum.
1004 2688 1070 2770 Vpl.
1096 2689 1126 2752 S.
1150 2689 1319 2772 Aepustiai
1345 2707 1443 2750 sermo
1466 2686 1530 2749 167

251 2796 371 2880 (rupee
397 2797 431 2860 P.
455 2797 491 2861 L.
517 2799 570 2876 38,
595 2798 679 2874 909,
703 2797 754 2872 39,
779 2793 886 2866 1964).

360 2905 412 2966 76.
460 2902 645 2986 Zeitanpabe
671 2896 779 2983 fehlt?
827 2899 880 2962 Ad
902 2897 1054 2963 Fffesios:
1079 2899 1226 2976 Fratres
1252 2895 1475 2962 confortamini
1498 2895 1531 2959 in

252 3007 390 3071 domino.
438 3011 518 3093 th.
536 3011 634 3090 6,10.

361 3113 415 3177 Ad
442 3118 606 3179 certarnen
641 3133 793 3196 magnum
825 3118 939 3178 contra
967 3111 1129 3197 spiritales
1151 3113 1263 3176 hostes
1286 3109 1452 3192 praesenti
1473 3129 1532 3174 nos

253 3220 392 3285 lectione
414 3221 568 3285 hortatur
591 3221 765 3301 apostolus,
791 3225 829 3285 ut
852 3219 979 3286 audivit
1001 3219 1129 3283 dilectio
1152 3224 1274 3284 vestra.

362 3340 415 3402 77.
463 3338 648 3421 Zeitaapehe
670 3332 776 3420 feld?
830 3335 883 3399 Ad
915 3335 1053 3416 Philipp.
1078 3334 1224 3412 Fratres
1258 3334 1439 3398 imitatores
1471 3333 1533 3398 mei
1573 3400 1576 3406 ,

258 3447 373 3508 estote.
421 3445 503 3509 Phil.
521 3447 617 3523 3,17.
761 3519 763 3524 ,

362 3550 415 3614 Ad
431 3550 645 3615 imitationem
662 3568 752 3613 suam
769 3568 827 3614 nos
843 3549 1018 3629 apostolus,
1044 3548 1165 3614 fratres
1181 3549 1252 3626 mei,
1272 3548 1306 3612 in
1320 3549 1383 3612 hac
1397 3547 1535 3612 lectione

255 3659 420 3734 hortatur,
445 3662 484 3722 ut
507 3655 633 3722 audivit
656 3654 784 3720 dilectio
807 3659 935 3733 vestra;
962 3655 1144 3732 imitatores
1167 3655 1238 3733 mei,
1263 3655 1369 3735 inquit
1394 3707 1400 3719 .
1427 3707 1433 3719 .
1460 3706 1466 3718 .

365 3768 429 3838 77‘.
468 3774 653 3858 Zaitanpabe
667 3767 774 3856 fallit
787 3753 792 3760 ¹
806 3770 859 3834 Ad
877 3770 1092 3844 Colossenses.
1125 3772 1271 3850 Fratres,
1292 3790 1356 3836 non
1372 3789 1535 3836 cessamus

258 3900 316 3962 pro
340 3879 432 3947 vobis
456 3883 596 3944 orantes.
643 3881 706 3945 Col.
723 3883 749 3956 1,
768 3884 797 3944 9.

364 3985 522 4063 Audistis,
540 3984 670 4062 fratres
684 3984 717 4050 in
735 3985 871 4065 epistola
888 4005 959 4050 cum
975 3985 1149 4066 legeretur,
1164 3985 1344 4067 apostolum
1360 3985 1533 4050 dicentem:

259 4093 331 4157 Non
355 4111 528 4162 cessamus.
980 4163 982 4165 ,
1218 4156 1221 4162 .,

367 4203 419 4264 78.
467 4200 653 4284 Zeitoapcbe
667 4201 754 4282 fehlt.
779 4198 832 4262 Ad
848 4198 1049 4264 colosenses:
1068 4199 1214 4281 Fratres
1233 4198 1426 4270 mortificate
1437 4197 1538 4279 igitur

261 4306 403 4371 membra
426 4308 548 4372 vestra.
598 4309 662 4373 Ool.
680 4310 711 4390 3,
726 4311 756 4372 5.

369 4553 378 4584 ¹
397 4552 548 4606 Dominicis
567 4553 666 4606 menam
684 4553 794 4620 septimi
812 4553 854 4606 bei
871 4554 982 4607 Alkuin.

369 4641 379 4672 2
397 4641 450 4696 Ba
468 4642 571 4695 Alkuin
592 4641 680 4696 Heio.
700 4639 759 4694 IH
770 4646 835 4710 post
852 4661 872 4696 s.
886 4641 994 4711 Aapeld

368 4730 379 4760 ⁸
397 4730 450 4784 Ba·
467 4731 572 4785 Alkuin
590 4730 679 4784 Heio.
697 4730 727 4785 V.
743 4734 808 4799 post
825 4747 849 4784 s.
860 4730 967 4800 Ampeli.

368 4819 487 4873 *Heba
506 4818 554 4874 VI.
571 4823 635 4888 post
652 4836 673 4874 s.
693 4820 801 4890 Angeli.
838 4820 949 4874 Alkuin.

318 4929 469 4976 Schleoht,
486 4929 527 4968 Die
541 4930 702 4977 Aposteilehre.
