3624 5556
293 399 356 462 138
840 412 1017 468 Documenta.

287 613 290 619 ·
381 592 528 654 Sermone
551 591 740 670 prophetico,
769 591 971 667 dilectissimi,
1004 591 1044 654 ad
1067 591 1259 670 exquirenda
1288 593 1397 655 divina
1420 594 1570 656 mandata

291 703 384 777 atque
406 698 446 759 ad
469 719 505 759 ea
527 697 670 760 cordibus
694 698 900 778 percipienda.
944 699 1166 778 Hieronymus.
1206 700 1244 761 G.
1271 703 1333 761 103
1393 749 1399 762 .
1449 749 1456 763 .
1527 705 1569 763 26

380 807 467 868 Sicut
495 807 530 865 in
561 804 622 868 alia
651 804 783 866 lectione
814 805 956 881 audistis,
987 806 1095 867 iratres
1125 807 1286 881 carissimi,
1318 807 1482 869 docentem
1511 827 1570 870 nos

290 912 466 992 apostolmn
481 917 513 974 et
527 913 743 974 exhortantem
766 911 912 974 dicendo:
937 912 1145 991 exspoliantes
1169 933 1224 976 vos
1239 918 1374 976 veterem
1396 914 1569 978 hominem.

290 1019 383 1081 Beda.
422 1021 457 1081 L.
483 1024 534 1081 87.
574 1020 699 1081 (1156
727 1066 1457 1082 ..............
1528 1026 1569 1083 34

381 1126 568 1188 Solemnitas
585 1125 646 1188 diei
662 1127 843 1205 praesentis,
859 1126 968 1186 iratres
984 1127 1145 1200 carissimi,
1163 1127 1374 1189 manifestatio
1390 1132 1438 1188 est
1449 1127 1570 1189 domini

291 1234 399 1294 nostri.
439 1235 646 1312 Augustinus.
689 1233 727 1295 G.
753 1236 795 1293 24
836 1279 1455 1296 ............
1526 1237 1567 1295 22

380 1339 566 1402 Veneranda
588 1339 778 1414 solemnitas,
803 1359 899 1418 quam
914 1339 1007 1400 hodie
1028 1339 1218 1402 celebramus
1233 1340 1428 1402 dilectissimi
1449 1341 1568 1416 iratres,

290 1446 443 1508 dedicatio
477 1451 524 1509 est
555 1446 699 1508 ecclesiae
736 1466 760 1509 s.
795 1445 955 1506 Michaelis
994 1446 1170 1525 archangeli
1203 1449 1237 1506 in
1271 1451 1379 1508 monte
1415 1447 1569 1526 Gargano.

291 1555 328 1618 G.
355 1558 418 1614 235
444 1600 1453 1618 ...................
1526 1557 1567 1615 33

379 1659 481 1722 Verba
503 1660 611 1722 divina
633 1661 722 1721 lactis
746 1679 804 1720 nos
827 1658 1006 1736 adimplere,
1038 1661 1064 1721 si
1087 1659 1127 1720 ad
1146 1659 1289 1721 caelestia
1311 1679 1407 1737 regna
1423 1657 1569 1722 volumus

291 1769 458 1845 pervenire.
498 1766 590 1829 Beda.
631 1768 664 1829 1..
690 1771 731 1828 64
780 1814 1455 1828 .............
1527 1771 1568 1827 28

382 1875 457 1936 Viae
480 1873 560 1936 duae
583 1878 659 1935 sunt
681 1875 715 1934 in
739 1872 860 1934 sacerdo
883 1874 964 1934 vitae
988 1878 1019 1934 et
1040 1875 1149 1934 mortis
1249 1877 1298 1947 16,
1325 1875 1376 1949 38,
1405 1876 1479 1948 101,
1506 1875 1568 1933 105

381 1980 478 2042 Vocat
499 2001 567 2055 nos,
597 1981 706 2042 fratres
730 1979 890 2054 carissimi,
916 1978 1023 2040 divina
1046 1980 1144 2058 pietas
1168 1978 1366 2040 adsalutem
1390 1981 1569 2040 animarum

291 2091 469 2148 nostrarum
493 2086 533 2148 ad
553 2087 667 2166 gaudia
689 2089 896 2166 sempiternae
919 2085 1133 2147 beatitudinis.
1174 2085 1211 2147 G.
1237 2089 1302 2145 274
1337 2132 1343 2146 .
1392 2132 1399 2147 .
1449 2133 1455 2146 .
1527 2089 1568 2146 35
