3624 5556
289 375 351 439 126
838 390 1014 443 Documenta.

286 568 374 633 salus
395 567 464 634 sine
487 567 677 650 egritudine.
704 567 841 633 satietas
865 568 934 633 sine
956 567 1051 634 fame.
1079 567 1219 634 felicitas
1241 569 1310 634 sine
1334 573 1459 635 timore.
1489 588 1564 650 gau-

285 673 372 740 dium
396 674 466 740 sine
488 673 634 739 tristitia.
663 674 708 741 ibi
731 682 845 763 eterna
867 674 978 757 gloria.
1018 675 1068 740 Ibi
1091 674 1264 758 fulgebunt
1294 674 1374 740 iusti
1398 674 1482 740 sicut
1505 675 1562 740 sol.

286 778 339 845 et¹
369 781 480 846 oculus
514 799 578 845 non
601 780 685 848 vidit
713 803 773 849 neo
795 781 884 848 auris
912 780 1046 849 audivit.
1078 781 1193 847 necin
1217 801 1272 846 cor
1294 781 1431 847 hominis
1455 799 1563 846 ascen-

285 887 334 953 dit
357 893 514 968 quantum
536 890 727 975 preparavit
749 891 829 955 dens
852 887 1060 970 diligentibus
1084 907 1128 953 se.
1509 883 1511 890 ’

319 985 325 995 ’
374 996 445 1062 Hoc
474 996 573 1062 etiam
599 1016 712 1063 moneo
740 1016 800 1064 vos
829 995 951 1062 fratres
981 994 1154 1062 carissimi!
1190 995 1266 1077 quia
1295 994 1415 1061 natalis
1446 993 1564 1060 domini

283 1101 430 1168 imminet
439 1098 461 1167 ².
514 1104 562 1169 Vt
594 1103 788 1169 abstineatis
822 1121 881 1170 uos
906 1104 947 1168 ab
982 1103 1067 1168 omni
1092 1102 1221 1168 luxuria
1253 1107 1288 1168 et
1318 1104 1359 1167 ab
1391 1101 1476 1167 omni
1502 1100 1563 1165 for-

285 1207 454 1274 nicatione.
480 1216 515 1275 et
537 1212 578 1276 ab
594 1210 680 1276 omni
695 1209 906 1277 immunditia.
932 1215 967 1275 et
984 1211 1025 1275 ab
1042 1209 1188 1275 omnibus
1204 1209 1354 1291 operibus
1368 1209 1471 1274 malis.
1495 1209 1563 1273 Ira-

285 1315 433 1380 cundiam
457 1321 492 1381 et
514 1316 620 1381 odium
653 1321 687 1382 et
708 1316 863 1384 invidiam
885 1316 978 1384 velut
1000 1336 1161 1384 venenum
1191 1317 1232 1382 de
1260 1316 1382 1383 vestris
1413 1315 1562 1382 cordibus

284 1421 437 1502 respuite.
462 1423 650 1489 castitatem
674 1423 772 1489 etiam
795 1443 867 1489 cum
889 1423 1026 1505 propriis
1048 1423 1202 1489 uxoribus
1220 1429 1421 1491 conservata.
1449 1428 1563 1488 ornate

284 1547 343 1595 vos
365 1529 458 1595 bonis
482 1531 640 1612 operibus.
677 1529 859 1596 elimosinas
881 1530 1077 1612 pauperibus
1102 1530 1224 1595 Christi
1248 1536 1391 1613 erogate.
1428 1530 1469 1595 ad
1492 1549 1562 1595 con-

283 1634 404 1703 viviola
423 1635 558 1705 vestra³
580 1656 740 1719 pauperes
762 1635 965 1716 frequentius
991 1642 1153 1703 revocate.
1183 1656 1295 1718 paoem
1319 1657 1391 1702 cum
1416 1636 1562 1702 omnibus

283 1743 455 1808 custodite.
473 1743 636 1809 discordes
651 1748 776 1825 pacate.
805 1743 876 1808 Hoc
892 1743 919 1808 si
934 1743 1074 1809 fideliter
1089 1743 1219 1808 Christo
1234 1743 1412 1812 adiuvmte
1427 1742 1562 1810 volueri-

284 1849 328 1914 tis
351 1849 534 1932 adimplere.
567 1851 656 1916 etin
683 1851 744 1915 hcc
767 1851 873 1936 seculo
897 1850 939 1915 ad
960 1850 1065 1916 altare
1090 1849 1220 1915 Domini
1243 1850 1401 1915 securiter
1423 1849 1562 1931 potestis

284 1957 446 2022 accedere.
480 1958 569 2023 etin
592 1957 703 2022 futuro
726 1958 768 2023 ad
793 1963 939 2040 ptemam
960 1956 1196 2022 beatitudinem
1219 1957 1358 2022 feliciter
1380 1955 1559 2038 pervenire.

284 2063 376 2150 Ηςο4
404 2069 456 2130 est
485 2064 582 2143 fideS,
616 2083 678 2145 que
706 2063 818 2144 paucis
848 2063 957 2132 verbis
988 2061 1150 2129 tenenda⁵
1187 2063 1221 2128 in
1251 2065 1395 2146 symbolo
1426 2063 1561 2130 novellis

284 2171 469 2237 christianis
493 2172 604 2236 datur.
626 2189 688 2257 que
709 2190 813 2252 pauca
835 2171 937 2239 verba
959 2170 1107 2236 fidelibus
1130 2176 1208 2236 nota
1231 2176 1318 2236 sunt.
1342 2175 1381 2236 ut
1403 2169 1561 2234 eredendo

284 2276 449 2359 subiugati
471 2284 561 2343 recte
582 2277 707 2345 vivant.
739 2282 829 2344 recte
850 2277 989 2347 vivendo
1013 2296 1068 2343 cor
1085 2278 1251 2343 mundent.
1288 2277 1384 2343 corde
1406 2277 1561 2342 mundato

284 2385 369 2465 quod
391 2385 527 2450 credant
549 2385 744 2467 intelligant.

374 2631 482 2699 ¹quam
495 2631 529 2695 L,
549 2630 675 2699 quoniam
689 2629 730 2684 Μ.
760 2630 911 2686 'imminit
925 2630 959 2684 L.
988 2631 999 2662 ⁸
1018 2631 1144 2686 convivia
1162 2633 1281 2686 lautiora
1293 2631 1328 2684 L.
1354 2631 1366 2662 ⁴
1384 2631 1415 2685 ia
1434 2631 1559 2700 marpiae

282 2720 366 2775 rubro
392 2721 478 2775 colore
503 2720 675 2789 adscriptam
697 2724 750 2775 cat:
775 2721 817 2775 Ex
843 2721 925 2774 dictis
951 2721 1043 2775 Sancti
1062 2721 1213 2790 Augustini
1239 2720 1274 2773 F.
1320 2721 1331 2752 ⁶
1356 2718 1446 2774 Locos
1471 2735 1559 2782 rocus,

279 2810 363 2880 price
382 2809 536 2865 tenendam.
