3624 5556
831 1103 889 1168 VI.

551 1278 742 1371 Doctrina
774 1277 956 1371 Severini
990 1281 1175 1401 episcopi.

225 1513 396 1577 Secundum
426 1514 558 1577 codicem
587 1513 768 1579 Parisiorum
799 1517 906 1596 2025,
941 1537 1028 1598 quam
1057 1521 1207 1583 recensuit
1235 1520 1426 1584 clarissimus
1456 1522 1506 1584 oe'r

224 1600 398 1678 Leopoldus
420 1599 551 1673 Delisle3
582 1604 688 1668 corios
719 1603 983 1687 Saeotppotpconi
1011 1605 1106 1670 multo
1137 1607 1285 1672 brevioris
1314 1611 1375 1673 imo
1399 1609 1501 1674 inutile·

225 1691 364 1756 lectiones
379 1690 517 1774 copiesi,·
528 1699 660 1775 possunt
674 1693 773 1756 videri
784 1695 817 1756 ia
829 1691 867 1754 B.
881 1690 947 1755 Pez
958 1694 1101 1759 theaumo
1118 1698 1222 1762 anecd.
1235 1700 1347 1762 novies.
1362 1698 1384 1762 Ι
1386 1698 1421 1780 V,
1434 1701 1465 1780 2,
1478 1701 1505 1764 1.

227 1901 325 1980 Dilige
336 1902 448 1977 Deum,
466 1902 653 1980 sapientiam
665 1900 758 1977 disce,
771 1875 834 1962 orn-
892 1907 974 1966 Boni
997 1907 1119 1968 consilii
1142 1913 1261 1969 amator
1284 1914 1359 1971 esto.

270 2011 324 2069 nia
346 2027 418 2068 oum
441 2027 589 2068 mensura
611 2028 676 2086 age.
893 2012 1024 2073 Nullum
1048 2019 1240 2076 contemnas.

227 2115 318 2187 Quod
349 2115 417 2176 01118
449 2119 480 2175 et
507 2115 565 2176 11111
592 2115 658 2174 fieri
685 2133 751 2174 non
779 2116 837 2188 Vis,
895 2129 1044 2189 Maiorem
1085 2134 1164 2190 natu
1203 2151 1362 2193 venerare:
1406 2132 1505 2194 adole-

270 2221 339 2283 aliis
363 2241 429 2281 non
451 2221 556 2282 facias·
939 2237 1074 2296 scentior
1107 2237 1134 2295 si
1168 2239 1292 2316 sapiens
1326 2240 1436 2314 fuerit,
1472 2245 1508 2302 ut

227 2329 354 2407 Semper
376 2348 465 2406 spera
488 2330 523 2388 in
545 2329 691 2404 Domino,
939 2361 1047 2403 senem
1070 2343 1199 2406 honora,

226 2441 351 2514 1111111111
374 2436 519 2495 futurum
542 2439 694 2512 11111111111·
894 2457 1002 2518 Lauda
1024 2460 1195 2533 veritatem,
1224 2464 1255 2521 et
1282 2480 1361 2538 quac
1384 2465 1508 2523 animae

228 2543 410 2603 Necessitati
434 2541 579 2602 subditus
602 2545 678 2602 esto.
939 2567 1070 2643 prosint,
1094 2565 1211 2627 discere
1234 2567 1365 2630 elabora·

228 2649 387 2709 Iustitiam
410 2667 545 2726 sequere.

228 2754 433 2816 iureiurando
455 2755 503 2815 uti
525 2752 600 2816 noli.

228 2863 310 2922 Doce
333 2859 418 2939 quod
440 2860 517 2922 utile
540 2866 596 2921 est.

228 2970 423 3030 iniustitiam
446 2970 481 3028 in
504 2967 576 3028 odio
598 2967 688 3028 habe.

230 3077 391 3154 Sapientes
406 3075 550 3135 homines
567 3074 640 3148 cole,
657 3075 841 3152 insipientes

273 3183 355 3260 fuge.

231 3287 323 3360 Quod
344 3288 465 3348 bonum
480 3294 537 3363 est,
561 3288 677 3348 discere
695 3307 761 3347 non
778 3306 842 3348 eru-

275 3395 392 3456 bescas.

894 2681 941 2740 De
964 2681 1072 2740 amicis
1096 2680 1176 2742 bene
1198 2685 1336 2761 opinare.

895 2797 1045 2857 Inimicos
1076 2797 1142 2857 noli
1172 2817 1366 2876 exasperare:
1397 2801 1506 2862 utilius

941 2909 988 2966 est
999 2907 1085 2966 enim
1096 2905 1212 2965 amicos
1225 2924 1276 2966 eos
1288 2906 1397 2982 iacere,
1413 2927 1509 2986 quam

941 3014 1086 3073 inimicos
1109 3012 1231 3074 habere.

897 3129 979 3189 Cum
1001 3130 1092 3189 iustis
1115 3129 1298 3190 hominibus
1321 3130 1453 3208 loquere.

897 3235 992 3297 Filios
1016 3239 1087 3296 tuos
1113 3235 1191 3297 bene
1213 3236 1319 3299 educa.

898 3341 1100 3421 Simplicibus
1123 3345 1275 3405 miserere.

259 3503 265 3514 ,
489 3503 496 3514 ,
898 3448 1142 3510 Misericordiam
1171 3450 1288 3510 iaciens
1318 3451 1412 3512 iacies
1443 3453 1509 3527 (sie)

232 3503 370 3580 Linguae
393 3506 465 3561 tuae
488 3520 615 3579 rmpera.
999 3558 1005 3569 .
1122 3557 1129 3568 .
1198 3558 1204 3568 .
1389 3559 1395 3570 .

234 3609 455 3687 Magnanimus
479 3613 554 3669 esto·
943 3555 1009 3616 noh
1032 3560 1217 3631 contristari,
1241 3575 1299 3617 neo
1321 3555 1472 3619 dubitare.

232 3717 272 3776 In
295 3715 383 3776 nuno
406 3715 577 3776 mentiaris.
899 3671 991 3743 Quod
1021 3671 1151 3732 daturus
1182 3691 1225 3747 es,
1255 3691 1294 3732 ex
1324 3675 1432 3734 animo
1459 3673 1508 3747 da,

233 3820 343 3882 pidem
365 3827 461 3883 mere.
944 3780 1018 3858 quia
1039 3779 1146 3840 futura
1168 3780 1302 3858 ignoras.

234 3928 404 3989 Veritatem
425 3927 597 3990 testificare·
900 3895 1119 3968 Misericordia,
1137 3899 1168 3955 et
1178 3894 1255 3956 fides
1270 3914 1337 3956 non
1348 3895 1429 3956 desit
1443 3894 1511 3969 tibi,

944 4007 975 4063 61
992 4002 1120 4063 caritas:
1145 4002 1266 4064 ethaeo
1281 4003 1365 4063 bona
1380 4002 1511 4080 cooperi·

235 4033 306 4095 Noli
328 4035 430 4096 aliena
452 4036 676 4113 concupiscere.

945 4113 1000 4170 ent
1021 4107 1260 4169 multitudinem
1282 4113 1487 4189 peccatorum.

235 4143 386 4202 Pecuniae
404 4147 525 4203 amator
538 4161 604 4202 non
619 4141 731 4202 fueris:
749 4161 845 4220 quan·

278 4253 349 4308 tum
361 4247 484 4310 adusus
492 4249 550 4310 tibi
562 4248 705 4322 sufficiat,
719 4267 844 4326 quaere:
901 4226 1029 4286 1181111111
1051 4224 1253 4303 011111011111111
1275 4225 1399 4285 1111111111·

236 4374 309 4415 eum
330 4355 486 4430 habueris,
509 4354 594 4415 dona
616 4357 743 4434 petenti,
902 4344 1019 4403 Animo
1042 4361 1170 4419 aequus,
1195 4345 1228 4405 et
1251 4342 1365 4415 suavis,
1389 4344 1420 4400 et
1443 4357 1513 4399 con·

237 4461 313 4522 Tuis
335 4463 468 4539 negotiis
492 4481 575 4537 vaca,
606 4461 716 4522 alienis
739 4465 843 4522 autem
946 4451 1052 4511 1111θῦ5
1075 4453 1150 4510 (1810·

280 4567 346 4628 noli
369 4570 576 4630 commiscere.
902 4567 987 4626 Iram
1001 4566 1084 4643 iuge,
1108 4568 1207 4625 mater
1222 4568 1269 4624 661
1284 4564 1372 4624 enim
1386 4564 1512 4642 peccati.

236 4675 469 4752 loquacitatem
489 4675 560 4738 odio
575 4675 671 4737 habe:
696 4675 780 4735 bona
802 4678 849 4734 est
902 4673 1062 4734 Iustitiam
1085 4690 1209 4751 operare
1231 4672 1266 4730 in
1289 4669 1414 4732 iudicio

282 4783 367 4841 enim
386 4784 593 4858 taciturnitas,
617 4781 700 4843 mala
723 4786 770 4842 est
786 4801 848 4842 ver·
904 4781 1013 4842 Servos
1037 4778 1140 4857 dilige.

281 4887 407 4951 bositas.
902 4888 949 4947 De
972 4885 1061 4946 nullo
1084 4884 1204 4945 malum
1227 4884 1373 4964 loquaris.
