3624 5556
898 1105 938 1172 V.

311 1229 314 1234 Ι
351 1280 585 1375 Admonitio
618 1311 647 1374 s.
681 1281 791 1375 Petri
823 1283 907 1375 sivo
939 1280 1184 1401 praedicatio
1217 1311 1247 1375 s.
1281 1281 1482 1375 Bonifatii.

284 1519 359 1583 Onne
388 1519 583 1602 Frisinpensi
611 1519 713 1584 codiee
743 1517 858 1583 contadi
886 1523 1001 1584 tertam
1024 1517 1223 1582 Metiieensem
1256 1539 1276 1581 a
1305 1517 1338 1578 Ρ.
1363 1517 1398 1578 B.
1424 1517 1479 1577 Pez
1502 1521 1559 1582 irn-

279 1629 418 1696 pressam
443 1605 500 1688 (=
518 1604 562 1686 L)
586 1615 614 1671 et
629 1609 789 1674 editionem
804 1608 962 1690 culpatam
984 1609 1133 1671 sermonis
1149 1607 1222 1672 XV.
1247 1628 1270 1671 s.
1286 1606 1448 1689 Bonifatii
1470 1609 1557 1691 apud

281 1695 388 1773 Migne
414 1695 479 1762 PL.
512 1697 568 1778 89,
600 1698 667 1760 870
697 1695 755 1778 (=
780 1693 851 1777 M);
888 1699 1015 1780 insuper
1043 1696 1079 1760 P.
1110 1695 1217 1755 Bruno
1247 1693 1356 1755 Aibers
1390 1697 1557 1760 monachas

281 1785 500 1852 Benedidinns
512 1785 672 1849 Romanas
687 1785 812 1869 deniqne
825 1785 900 1848 mihi
910 1787 993 1850 misit
1005 1784 1145 1850 lectiones
1161 1787 1268 1850 nerias
1280 1785 1393 1849 codicis
1410 1785 1554 1849 Vaticani

430 1875 572 1940 Palatini
594 1876 660 1938 435
681 1874 737 1956 fot.
755 1877 794 1939 91
816 1874 936 1940 saeento
958 1874 996 1938 X.
1021 1876 1143 1940 ineunte
1163 1876 1272 1957 serapti
1296 1873 1352 1955 (=
1369 1871 1422 1953 P).

681 2088 781 2152 cern.
799 2086 912 2152 6264
928 2087 1004 2166 fol.
1023 2086 1104 2152 102
1117 2087 1160 2151 r.

370 2245 445 2310 VII.
469 2245 588 2327 Incipit
611 2246 675 2311 ad¹
699 2244 862 2310 Amonitio
894 2243 924 2309 S.
949 2242 1064 2310 Petri¹
1087 2245 1157 2312 sive
1179 2244 1377 2325 praedicatio
1408 2244 1438 2308 S.
1464 2243 1558 2308 Boni-

281 2351 375 2418 iatii¹
399 2351 458 2436 epi.
484 2352 524 2417 de
547 2351 884 2417 abrenuntiationem
907 2349 1133 2433 baptismate¹.

370 2459 508 2538 Audite,
545 2459 682 2536 fratrea,
720 2463 754 2524 et
785 2455 975 2524 adtencius¹
1010 2457 1171 2540 cogitetis.
1218 2458 1295 2538 quid
1328 2458 1361 2523 in
1396 2457 1557 2539 baptismo

282 2566 537 2632 abrenuntiastis
548 2564 569 2629 ⁶.
605 2565 871 2630 Abrenuntiastis
896 2565 979 2630 enim
1003 2564 1128 2630 diabolo
1139 2563 1159 2630 ¹.
1185 2570 1219 2630 et
1242 2565 1388 2630 omnibns
1408 2564 1558 2646 operibus

283 2673 351 2739 eius
376 2670 431 2738 et8
454 2673 600 2739 omnibns
623 2671 747 2754 pompis
771 2672 849 2738 eins.
896 2671 980 2754 Quid
1004 2677 1081 2737 sunt
1105 2691 1180 2754 ergo
1205 2691 1302 2752 opera
1326 2670 1452 2736 diaboli.
1487 2672 1559 2756 Heo

282 2777 380 2846 sunt9
396 2781 546 2862 superbia
557 2776 584 2814 ¹⁰
597 2779 748 2845 idolatria
759 2777 786 2813 ¹¹
799 2779 921 2847 invidia
930 2775 964 2843 ¹².
986 2776 1136 2846 odinm¹³.
1157 2777 1327 2844 detractio.
1348 2777 1558 2844 mendacium.

282 2887 456 2968 periurium
467 2885 501 2952 ¹¹.
519 2886 698 2952 fornicatio.
716 2882 949 2951 adulterium¹¹.
972 2882 1220 2954 homicidium¹¹.
1247 2881 1416 2950 turtum¹¹.
1441 2884 1559 2950 salsum

282 2993 512 3060 testimonium.
536 2992 660 3074 rapina.
684 2991 825 3058 auaritia
837 2989 871 3056 ¹⁸.
896 2993 981 3074 gula.
1007 2993 1158 3058 ebrietas.
1191 2991 1396 3073 turpiloquia.
1430 2998 1558 3057 conten-

282 3101 396 3170 tiones.
427 3101 485 3166 ira.
510 3099 676 3168 veneficia.
707 3098 944 3164 incantationes
976 3105 1009 3164 et
1034 3098 1205 3182 sortilegos
1226 3098 1403 3180 exquirere.
1438 3100 1559 3183 strigas

284 3212 318 3272 et
347 3207 440 3272 fictos
468 3209 561 3288 lupos
592 3207 733 3272 credere.
769 3225 920 3271 auorsum
943 3203 1095 3271 faceret.
1133 3206 1268 3271 dominis
1298 3206 1520 3292 inobedientes
1532 3203 1559 3242 ¹⁰

284 3333 364 3379 esse.
395 3310 590 3379 filacteria¹¹
613 3314 742 3378 habere.
779 3314 850 3400 qu
874 3318 907 3378 et
922 3313 973 3377 his
990 3313 1105 3378 similia
1120 3313 1206 3378 mala
1225 3332 1323 3394 opera
1338 3319 1416 3379 sunt
1431 3313 1558 3379 diaboli.

284 3425 318 3485 et
340 3420 390 3485 his
414 3420 560 3486 omnibus
582 3420 796 3486 renuntiastis
818 3421 851 3486 in
873 3416 1079 3501 oapnsm022.
1112 3425 1144 3484 et
1169 3419 1253 3485 siout
1276 3421 1442 3501 apostolus
1466 3417 1557 3485 ait²³.

283 3527 338 3607 qui
361 3525 440 3592 talia
463 3531 566 3609 agunt
589 3526 677 3608 digni
693 3533 770 3593 sunt
783 3532 896 3592 morte.
933 3532 967 3592 et
989 3546 1124 3609 regnum
1149 3526 1200 3592 dei
1225 3546 1289 3592 non
1309 3532 1557 3608 consequentur.

283 3634 347 3699 Sed
369 3631 467 3698 nos¹¹
489 3634 648 3700 credimus
671 3653 730 3715 par
752 3634 803 3699 dei
826 3633 1076 3717 misericordiam
1106 3633 1216 3699 uthis
1241 3633 1386 3699 omnibus
1411 3633 1559 3715 superius

283 3736 415 3806 dictis2¹
438 3742 533 3806 corde
557 3745 592 3806 et
611 3760 707 3822 opere
726 3740 919 3806 renuntietis
929 3737 965 3804 ¹⁶.
988 3745 1026 3805 ut
1041 3739 1169 3808 veniam
1188 3741 1339 3821 consequi
1362 3740 1558 3809 mereamini.
1606 3750 1608 3755 '

374 3987 383 4018 ¹
401 3986 450 4042 Ita
468 3987 499 4040 F
514 4005 622 4042 erronee
637 4005 690 4056 pro
709 3989 869 4056 admonitio,
888 3989 1048 4043 ammonitio
1067 3988 1101 4041 L.
1143 3988 1153 4019 ¹
1171 3991 1196 4044 S.
1216 3989 1291 4043 Petri
1311 4005 1354 4043 om
1372 3988 1406 4041 L.
1445 3989 1556 4043 ³Bone·

246 4079 250 4086 '
283 4077 347 4131 iatii
370 4076 405 4130 F.
461 4077 472 4106 ⁴
497 4077 692 4146 superscriptio
717 4078 860 4132 rubricata
886 4078 927 4144 Ε·
958 4081 1065 4146 erecepto
1091 4078 1257 4145 praedicatio
1281 4078 1374 4132 omnia
1400 4078 1498 4134 desani
1524 4076 1558 4129 P.

283 4165 448 4220 ⁶attentius
467 4165 501 4226 L,
527 4167 667 4221 adtentius
690 4166 723 4220 P.
766 4167 777 4197 ⁸
801 4169 826 4220 1.
846 4183 881 4220 ne.
907 4167 1102 4229 renunciastis;
1134 4169 1159 4220 2.
1180 4185 1214 4220 rn.
1241 4168 1435 4236 superscripsit
1460 4167 1493 4221 ab
1518 4166 1558 4227 F;

283 4255 463 4310 renunciastis
482 4254 541 4307 LP.
587 4255 725 4310 ¹diabulo
743 4255 775 4308 P.
823 4255 955 4310 ¹desnnt
979 4273 1063 4324 nsqne
1087 4257 1160 4310 Haeo
1179 4254 1211 4308 P.
1258 4255 1375 4324 ¹opera
1400 4258 1466 4324 eius,
1493 4273 1560 4323 quae
1650 4315 1656 4321 ,

283 4345 463 4398 renunciastis
476 4342 508 4397 P.
549 4345 570 4376 ¹⁰
588 4345 741 4414 superbiam
754 4343 787 4397 P.
820 4345 841 4376 ¹¹
860 4345 931 4400 deest
943 4344 975 4398 P.
1009 4345 1031 4376 ¹¹
1049 4345 1182 4399 invidiam
1196 4344 1223 4396 P
1239 4349 1264 4399 et
1276 4345 1404 4400 similiter
1420 4345 1560 4414 sequentia

284 4433 314 4487 in
333 4434 495 4488 accusativo.
529 4433 550 4466 ¹³
569 4435 745 4489 homicidium
759 4434 793 4486 L.
827 4435 847 4466 ¹⁴
866 4435 1025 4506 periurium,
1044 4435 1135 4488 odium
1154 4434 1188 4487 L.
1228 4434 1250 4465 ¹⁶
1267 4433 1332 4487 PM
1347 4435 1455 4489 addant
1473 4435 1560 4489 omnis

284 4523 407 4590 pollutio.
440 4523 462 4554 ¹⁶
480 4523 552 4578 deest
569 4522 610 4576 M.
644 4523 665 4554 ¹¹
683 4526 759 4578 turta
777 4522 846 4576 PM.
879 4523 901 4554 ¹⁸
919 4523 959 4577 M.
980 4541 1031 4578 one.
1071 4523 1092 4554 ¹⁹
1111 4523 1208 4578 desnnt
1226 4522 1258 4576 P.
1298 4523 1320 4554 ¹⁰
1343 4523 1460 4593 Virpnla
1478 4524 1560 4577 aliter

284 4629 316 4665 ae
333 4612 365 4665 in
384 4612 462 4666 narbo
480 4615 529 4678 hee
548 4614 655 4668 litterae
673 4630 688 4668 e
705 4612 814 4680 snsflna
832 4617 878 4667 est.
920 4612 941 4644 ¹¹
961 4613 1121 4681 philacteria
1139 4612 1171 4665 P.
1217 4611 1239 4642 ¹¹
1258 4613 1287 4666 in
1306 4613 1442 4681 baptismo
1460 4629 1559 4668 renun-

283 4701 376 4755 ciastis
395 4701 455 4756 LP.
483 4701 504 4732 ¹⁸
523 4703 591 4756 dicit
603 4701 637 4766 L,
658 4701 696 4756 de.
710 4700 742 4754 P.
775 4701 797 4732 ¹¹
815 4703 879 4769 quia
891 4701 917 4754 L
923 4715 932 4766 ,·
951 4701 1093 4755 rinharos
1111 4705 1137 4754 et
1155 4703 1202 4755 sed
1221 4701 1255 4754 ab
1275 4701 1333 4755 alia
1351 4718 1438 4754 monn
1456 4701 1561 4770 scripta

284 4791 757 4860 saretatrioreaotoresnpertoonrn
770 4807 866 4844 rasam
878 4790 920 4856 P,'
938 4790 1028 4847 Pone.
1061 4789 1307 4858 ”comprehensis
1340 4789 1363 4822 ¹⁸
1380 4793 1405 4844 2.
1420 4808 1454 4844 ne.
1474 4807 1559 4858 snpra

283 4880 372 4934 ioanni
390 4897 493 4943 rnsnrn,
511 4878 539 4932 P
555 4880 634 4934 addit
653 4887 680 4935 et
693 4897 740 4948 per
753 4881 946 4934 confessionem
960 4886 988 4935 et
1001 4881 1113 4949 dignam
1127 4880 1323 4948 poenitentiam
1343 4881 1501 4946 emendetis
1520 4885 1559 4934 ut.
