3624 5556
299 359 361 422 104
703 443 705 447 ,
845 372 1021 425 Documenta.

297 549 459 631 impudica
481 551 617 631 loquela.
654 551 752 616 zelus
788 551 930 616 audatia.
968 550 1127 631 superbia.
1160 549 1308 615 altitudo.
1339 548 1479 617 vanitas.
1511 568 1575 613 non

385 657 538 722 timentes
551 654 570 721 ².
607 676 702 738 perse

297 769 434 844 quantes
457 765 567 828 bonos.
604 763 674 828 odio
698 765 857 829 habentes
879 763 1064 832 veritatem.
1102 769 1250 828 amantes
1273 762 1481 829 mendatium.
1511 781 1575 826 non

386 870 525 936 seientes
548 889 654 935 merce

298 979 371 1048 dom
403 977 565 1045 veritatis.
607 996 670 1042 non
704 976 903 1058 applicantes
934 995 970 1042 se
997 975 1098 1041 bonis.
1141 996 1204 1041 non
1234 977 1393 1042 habentes
1423 975 1575 1042 ivdicivm

384 1084 516 1150 iustum.
551 1083 731 1165 pervigilan

297 1195 349 1256 tes
382 1210 446 1255 non
478 1190 511 1254 in
541 1192 624 1254 bono
652 1190 710 1254 sed
739 1189 773 1254 in
803 1190 896 1255 malo.
932 1209 1067 1270 quorum
1090 1191 1185 1272 longe
1209 1195 1260 1254 est
1282 1189 1505 1255 mansuetudo.
1542 1193 1577 1252 et

386 1296 537 1378 superbia
559 1296 714 1377 proxima.
748 1316 843 1377 perse

299 1409 436 1484 quantes
466 1407 736 1468 remuneratores.
779 1421 843 1467 non
872 1402 1065 1469 miserantes
1094 1422 1281 1484 pauperum.
1328 1421 1392 1468 non
1429 1402 1575 1466 dolentes

384 1529 442 1591 pro
466 1509 604 1573 dolente.
640 1528 704 1573 non
728 1508 814 1574 scien

296 1622 348 1681 tes
380 1615 560 1698 genitorem
591 1635 693 1682 suvm.
740 1621 961 1697 peremptores
990 1616 1128 1682 filiorum
1158 1635 1298 1681 suorum.
1349 1620 1573 1683 avortuantes

384 1728 524 1792 avertem

296 1835 348 1896 tes
381 1849 416 1894 se
448 1826 491 1894 a²
520 1828 612 1894 bonis
643 1828 802 1909 operibus.
845 1829 1062 1910 deprimentes
1091 1831 1303 1896 laborantem.
1346 1827 1575 1896 advocationes

385 1936 545 2000 iustorum

298 2042 506 2110 devitantes!
542 2041 681 2107 Abstine
704 2048 739 2107 te
761 2041 807 2107 fili
829 2042 870 2107 ab
893 2042 966 2108 istis
990 2042 1145 2108 omnibus.
1172 2048 1206 2107 et
1228 2042 1303 2109 vide
1325 2061 1367 2106 ne
1389 2041 1461 2121 quis
1485 2045 1520 2105 te
1535 2041 1576 2104 ab

297 2150 359 2214 hac
384 2149 531 2213 doctrina
553 2154 679 2215 avocet.
722 2153 755 2213 et
778 2147 806 2212 11
829 2148 933 2214 minus
958 2155 1051 2214 extra
1074 2149 1273 2229 disciplinam
1297 2147 1471 2213 doceberis.
1516 2147 1576 2230 hec

298 2255 529 2320 inconsulendo
553 2254 581 2320 si
608 2254 741 2320 cottidie
765 2253 890 2321 feceris.
925 2275 1024 2336 prope
1047 2255 1109 2320 eris
1135 2255 1209 2322 viuo
1231 2256 1299 2320 deo.
1339 2254 1432 2336 Quod
1462 2253 1576 2318 sinon

385 2361 501 2427 feceris
1123 2381 1124 2386 ¹

693 2488 791 2553 Olm.
816 2488 929 2554 6264
943 2490 1020 2568 fol.
1047 2488 1130 2553 103
1145 2507 1178 2552 o.

297 2629 393 2711 longe
418 2629 481 2694 eris
504 2649 525 2694 a
547 2629 699 2694 ueritate.
735 2629 806 2712 Hoc
829 2629 934 2694 omnia
957 2629 1017 2695 tibi
1034 2629 1067 2693 11
1093 2629 1198 2694 animo
1222 2648 1314 2709 pone.
1345 2633 1379 2692 et
1401 2646 1464 2693 non
1487 2627 1576 2693 dece-

385 2733 494 2816 peris³
517 2736 557 2801 de

298 2861 355 2923 spe
379 2847 446 2907 tua.
482 2843 540 2908 sed
562 2863 621 2925 per
643 2844 703 2929 hec
727 2848 840 2909 sancta
863 2843 1041 2909 certamina
1063 2842 1233 2923 pervenies
1257 2842 1298 2907 ad
1322 2844 1486 2906 coronam!
1512 2841 1577 2905 Per

386 2949 548 3015 dominum
570 2950 636 3015 ihm
659 2952 735 3032 xpm
758 2969 794 3016 re

297 3061 452 3137 gnantem
477 3062 511 3122 et
534 3057 752 3123 dominantem
782 3077 854 3122 oum
878 3057 937 3121 deo
959 3061 1055 3137 patre
1079 3061 1113 3121 et
1136 3055 1252 3137 spiritu
1276 3060 1388 3120 sancto
1410 3055 1443 3119 in
1467 3055 1577 3136 secula

297 3163 486 3247 seculorum.
533 3163 647 3229 Amen.

389 3373 907 3443 1111111111111111112,11.1111111111.
937 3373 1005 3427 'sic
1035 3373 1196 3440 ³deciperis
1215 3371 1575 3426 111111111111111

296 3481 379 3532 super
397 3479 420 3531 e,
439 3464 511 3531 quod
529 3464 632 3517 delevit.
