3624 5556
308 357 370 419 128
856 365 1032 419 Documenta.

304 549 535 609 Testimonium
570 548 605 606 in
636 551 774 623 tempore
808 563 915 622 oppor-
970 545 1148 604 Iniustitiae
1171 545 1256 604 enim
1279 562 1371 622 opera
1391 543 1467 604 haec
1490 546 1581 603 sunt:

349 659 428 715 tuno
451 673 560 714 verum
583 652 642 713 dic.
1016 649 1135 725 odium,
1166 651 1345 724 fornicati0,
1375 650 1505 724 lurtum,
1538 670 1581 710 ra-

304 760 485 822 Simultates
509 759 581 820 odio
603 758 693 820 habe.
1014 759 1146 835 pectine,
1176 756 1339 831 veneficia,
1371 757 1580 830 mendacium,

301 869 472 946 LitIgantes
495 865 656 927 concorda.
1012 863 1130 924 falsum
1157 866 1384 939 testimonium,
1416 863 1581 942 cupiditas,

304 975 387 1036 Mala
408 993 488 1052 quae
503 974 562 1034 tibi
580 974 773 1046 accesserint,
797 973 914 1050 patien-
1013 969 1170 1046 detracti0,
1195 971 1296 1046 dolus,
1317 972 1471 1050 superbia,
1496 970 1581 1031 mali-

347 1086 394 1143 ter
416 1082 546 1142 sustine.
1015 1079 1069 1152 tia,
1100 1079 1267 1152 temeritas,
1299 1077 1493 1156 improbitas,
1524 1079 1581 1138 tao·

302 1191 388 1250 Iuste
417 1187 533 1248 iudica:
565 1188 744 1248 memineris
775 1188 860 1246 enirn
883 1190 915 1246 te
1012 1186 1121 1258 tantia,
1133 1187 1300 1259 contentio,
1314 1185 1481 1259 simulatio,
1495 1185 1579 1245 mali-

346 1296 508 1356 hominem
531 1313 607 1355 esse.
1013 1289 1165 1368 loquium,
1202 1310 1289 1351 amor
1320 1294 1485 1370 pecuniae,
1525 1294 1580 1352 im-

301 1404 348 1462 De
377 1401 468 1462 rebus
503 1400 667 1462 nonnullis
702 1399 769 1460 noli
800 1401 913 1460 anxius
1016 1398 1124 1476 pietas,
1149 1402 1180 1458 et
1201 1416 1295 1458 omne
1318 1398 1403 1476 quod
1425 1399 1582 1460 alienata

348 1527 431 1570 esse:
469 1510 593 1587 sapiens
626 1507 721 1568 homo
757 1509 818 1568 cito
848 1525 914 1566 non
1012 1503 1153 1565 doctrina
1174 1505 1242 1566 Dei.

347 1615 559 1676 conturbatur.
970 1612 1112 1672 iustitiae
1141 1617 1247 1672 autem
1274 1631 1366 1690 opera
1389 1617 1465 1674 sunt
1487 1613 1579 1674 haec:

302 1724 384 1784 Cum
406 1721 494 1782 nullo
516 1721 628 1800 litiges.
1013 1737 1134 1797 semper
1163 1718 1220 1779 deo
1250 1721 1365 1797 gratias
1393 1739 1491 1798 agere,
1522 1721 1580 1781 Dei

303 1830 442 1907 Linguae
464 1829 565 1889 bonae
586 1822 725 1888 amam1
747 1825 837 1887 habe.
1000 1811 1150 1886 ÷cultores
1173 1845 1286 1900 amare,
1315 1828 1437 1887 nemini
1461 1846 1579 1900 nocere,

304 1936 425 1998 Sectarc
437 1934 608 2009 silentium,
627 1936 701 2012 quia
716 1933 834 2010 absque
845 1951 913 2010 poe-
1012 1950 1070 1991 nec
1103 1933 1279 1993 contristari
1309 1951 1499 2010 quenquam,
1526 1953 1579 2012 pu·

346 2043 480 2103 nitentia
510 2046 573 2103 cst:
604 2039 779 2102 tumultum
809 2039 912 2116 poeni-
1013 2037 1080 2098 dice
1104 2040 1214 2113 vivere,
1244 2038 1474 2100 misericordem
1503 2059 1578 2113 esse,

345 2151 444 2209 tentia
466 2148 676 2225 subsequitur.
1012 2146 1192 2222 proximum
1204 2165 1299 2206 suum
1309 2148 1390 2207 sicut
1402 2165 1434 2206 se
1443 2146 1578 2226 diligere,

300 2255 485 2318 Inimicitias
509 2253 652 2315 dissolve.
1011 2254 1181 2313 esurientes
1217 2258 1367 2326 saturare,
1401 2254 1578 2315 sitientibus

300 2362 372 2423 Noli
394 2361 573 2423 incredulus
588 2379 672 2432 esse;
697 2359 727 2420 et
742 2357 864 2418 elabora
878 2359 914 2418 in
1011 2357 1209 2436 potumdare,
1216 2359 1340 2420 nudum
1346 2363 1466 2435 vestiis,
1476 2361 1578 2438 hospi-

347 2469 430 2530 bono
453 2471 519 2529 non
541 2487 608 2529 esse
631 2467 804 2527 Iactantior.
1010 2465 1105 2526 talem
1128 2485 1194 2526 esse
1217 2471 1248 2527 et
1270 2467 1459 2542 humanum,
1483 2472 1514 2528 et
1533 2469 1578 2527 in-

303 2578 436 2637 Inanem
459 2576 589 2654 gloriam
610 2575 693 2652 fuge.
1011 2572 1407 2651 digentibustribuereoum
1414 2573 1578 2638 hilaritate.

300 2683 376 2743 Tuis
400 2687 584 2744 mansuetus
605 2686 680 2756 esto,
704 2684 735 2741 ct
758 2682 912 2742 extraneis
967 2680 1040 2740 Noli
1062 2699 1129 2740 esse
1144 2699 1268 2741 amarus
1284 2681 1335 2741 his
1351 2683 1405 2758 qui
1429 2682 1464 2741 in
1486 2683 1578 2743 tristi-

343 2791 545 2850 neoessarius.
1011 2789 1055 2847 tia
1078 2791 1162 2848 sunt.
1210 2788 1312 2848 Omne
1338 2786 1422 2865 quod
1445 2791 1579 2866 pertinet

300 2897 576 2974 Concupiscentias
605 2896 705 2956 animi
734 2895 783 2954 tui
812 2895 911 2954 vince.
1013 2893 1054 2954 ad
1078 2896 1236 2955 iustIciam
1257 2895 1316 2955 iac.

302 3004 427 3063 Amicos
450 3002 517 3062 noli
540 3004 601 3062 cito
616 3019 808 3079 comparare:
833 3019 912 3078 quos
967 3001 1047 3079 Lege
1083 3001 1251 3061 hominum
1290 3006 1327 3062 ut
1357 3001 1452 3062 homo
1483 3006 1577 3076 utere,

347 3115 453 3170 autem
487 3109 712 3188 comparaveris
749 3107 815 3168 noli
851 3109 912 3168 olto
1010 3113 1041 3169 et
1062 3108 1128 3186 lege
1150 3109 1208 3169 Dei
1231 3112 1268 3168 ut
1289 3109 1357 3170 Dei.

344 3217 514 3295 reprobare.
965 3212 1037 3274 Noli
1056 3214 1195 3276 invidere
1216 3213 1314 3276 bono:
1339 3218 1507 3276 nonenim
1522 3218 1577 3276 im·

301 3342 501 3402 Peccantium
536 3358 644 3400 curam
681 3339 794 3399 habere
828 3337 910 3398 noli:
1009 3321 1148 3382 fflOPIaliS
1172 3341 1214 3384 05·

342 3447 425 3508 nihi]
447 3449 532 3508 enim
554 3446 613 3506 fibi
635 3445 780 3524 proderit·
843 3469 844 3474 κ
966 3429 1054 3490 Sicut
1075 3429 1201 3490 lucerna
1224 3430 1336 3491 ardens
1367 3431 1411 3489 ita
1433 3434 1515 3491 esto:
1547 3435 1602 3490 et-

1009 3535 1140 3614 angclus
1163 3537 1221 3598 Dei
1244 3536 1411 3602 vocaberis.

966 3644 1047 3704 Oum
1057 3645 1247 3705 conscientia
1262 3643 1345 3704 mala
1355 3643 1421 3703 noli
1436 3642 1578 3704 accedere

1009 3750 1050 3811 ad
1088 3753 1276 3812 orationem:
1321 3750 1577 3812 condemnaberis

1010 3859 1097 3918 enim
1131 3878 1186 3936 per
1219 3863 1308 3920 tuam
1342 3859 1576 3919 conscientiam.

1009 3964 1170 4026 Confessio
1183 3967 1300 4043 peccati
1315 3966 1443 4026 initium
1467 3963 1576 4024 salutis

298 4033 555 4112 Imprudentium
568 4035 740 4111 primatum
752 4053 793 4094 ne
804 4033 908 4112 eligas,
1008 4075 1063 4132 est.

342 4160 382 4201 ne
405 4140 472 4201 dux
494 4139 685 4201 dammum
707 4141 859 4204 effims·
965 4176 1104 4256 Supplex
1133 4183 1199 4239 esto
1222 4179 1287 4238 Deo
1317 4196 1447 4255 semper,
1479 4182 1510 4238 et
1532 4179 1577 4238 sic

299 4265 419 4326 Omma¹
438 4264 538 4344 legem
560 4265 619 4325 Del
641 4265 723 4325 nihil
744 4285 828 4343 agas·
1007 4304 1063 4362 age
1077 4289 1113 4345 ut
1127 4283 1405 4364 irreprehensibilis
1424 4284 1575 4345 habearis.

296 4389 515 4452 Differentiam
537 4389 618 4450 habe
632 4391 715 4450 inter
736 4390 857 4451 bonum
880 4397 911 4453 et
963 4391 1129 4452 Neminem
1143 4392 1224 4452 male
1239 4391 1326 4470 loqui
1340 4393 1511 4470 permittas,
1535 4410 1576 4450 ne

344 4496 480 4557 malum:
506 4501 537 4557 et
551 4497 757 4558 manifestum
772 4497 857 4576 apud
879 4482 909 4560 te
1007 4503 1044 4559 ut
1065 4499 1169 4560 fautor
1190 4500 1363 4560 iniustitiae
1385 4498 1536 4559 habearis.

342 4604 382 4663 sit
407 4598 616 4685 [discrimen]²
639 4606 721 4665 inter
736 4606 856 4666 iustum
879 4611 910 4667 et
963 4605 1135 4667 Absentem
1157 4605 1224 4668 noli
1246 4605 1467 4666 condemnare:
1491 4625 1574 4683 prae-

342 4711 508 4772 iniustum.
1009 4717 1129 4774 sentem
1152 4714 1234 4774 iuste
1256 4714 1368 4791 accipe.

298 3573 403 3632 Brutis
412 3572 597 3649 sapiendam
610 3590 651 3631 ne
660 3569 793 3631 dederis:
805 3573 912 3647 postea

343 3679 429 3738 enim
451 3682 677 3760 persequentur
698 3683 738 3739 te.

298 3804 498 3864 Sacramenta
528 3804 586 3863 Dei
618 3804 681 3863 nisi
711 3801 815 3880 dignis
845 3822 911 3862 non

342 3911 470 3987 aperias.

392 4851 396 4876 ¹
417 4854 507 4906 famae
526 4854 628 4906 famam
648 4853 703 4907 cod.
743 4852 822 4907 'ora
843 4853 874 4908 ia
893 4852 948 4908 cod.
968 4857 995 4907 ct
1012 4853 1168 4922 suppletam
1188 4871 1205 4907 a
1224 4854 1251 4907 C.
1271 4855 1414 4920 Weyman.
