3630 5568
679 423 853 478 Verzeiehnis
872 423 920 477 der
932 422 1078 477 Homilien.
1477 406 1518 468 29

347 602 411 672 46’.
443 606 488 672 In
511 605 635 671 sancto
659 604 716 688 die
740 603 878 685 pentec.
913 602 1027 668 Lectio
1050 601 1193 666 Actuum
1216 603 1320 680 apost.
1344 599 1384 663 In
1407 597 1520 664 diebus

132 739 140 752 ·
241 713 304 778 illis
328 733 399 779 cum
422 713 661 794 complerentur
684 711 752 777 dies
775 715 991 792 pentecostes,
1038 712 1155 791 Act2,
1175 712 1198 774 1.

348 819 556 898 Hodiernam,
588 817 797 896 dilectissimi,
831 816 1048 884 festivitatem
1078 820 1148 879 toto
1173 819 1334 880 terrarum
1365 815 1442 878 orbe
1467 831 1520 880 ve

241 926 417 993 nerabilem
438 926 494 992 ille
517 945 541 990 s.
567 924 706 1007 Sphitus
730 923 934 992 consecrarit
956 924 1127 990 adventus.
1164 925 1194 989 S.
1217 924 1331 988 Leonis
1352 943 1451 987 sermo
1477 925 1495 985 7
1500 923 1521 985 7
1541 921 1544 924 ’

243 1036 362 1120 (napae
385 1037 422 1100 r.
446 1036 483 1099 n.
511 1037 563 1114 54,
588 1034 672 1113 414).

348 1162 401 1224 47.
432 1156 540 1224 Faria
564 1156 626 1222 IV.
653 1156 692 1221 in
714 1157 813 1239 pont.
857 1155 971 1221 Lectio
994 1155 1136 1221 Actuum
1160 1153 1295 1235 apostol.
1341 1153 1382 1217 In
1408 1151 1520 1217 diebus

242 1265 306 1330 illis
332 1270 424 1330 stans
447 1266 567 1329 Petrus
591 1283 664 1329 cum
686 1263 844 1329 undecim.
885 1266 953 1330 Act.
977 1268 1009 1344 2,
1033 1267 1082 1328 14.

349 1373 431 1437 Post
454 1372 631 1439 adventum
648 1369 782 1451 spiritus
799 1368 904 1434 sancti
918 1368 952 1433 in
968 1369 1140 1449 apostolos,
1166 1387 1229 1448 qua
1246 1369 1287 1449 (l)
1304 1368 1409 1434 adhuc
1431 1385 1521 1448 prac-

242 1479 329 1547 senti
343 1478 527 1548 festivitate
543 1478 752 1556 celebramus,
777 1476 801 1542 J
802 1475 897 1543 udaei
913 1474 1083 1542 audientes
1098 1475 1261 1557 apostolos
1276 1475 1388 1557 plenos
1405 1473 1521 1554 spiritu

242 1593 363 1654 sancto.

348 1708 412 1779 47‘.
436 1711 544 1778 Faria
568 1712 628 1778 vl.
651 1710 691 1775 in
712 1710 852 1793 pentec.
889 1710 1002 1776 Lectio
1026 1714 1158 1776 actuum
1181 1710 1317 1792 apostol.
1346 1709 1386 1774 In
1408 1708 1521 1774 diebus

244 1819 307 1886 illis
323 1819 471 1901 aperiens
487 1819 607 1885 Petrus
625 1837 660 1884 os
678 1837 772 1886 suum
784 1816 879 1882 dixit:
904 1816 975 1882 Viri
990 1816 1170 1896 israelitae,
1189 1816 1309 1882 audite.
1334 1825 1403 1885 Act.
1419 1821 1450 1899 2,
1467 1821 1520 1882 22.
1607 1849 1608 1855 .

350 1927 471 1992 Petrus
495 1925 662 2007 apostolus
686 1923 779 2005 quasi
802 1925 914 1989 doctor
931 1930 965 1989 et
988 1923 1146 2006 magister
1166 1923 1357 2001 incredulos,
1383 1921 1523 2003 qualiter

241 2032 491 2098 misericordiam
514 2037 726 2110 mererentur,
751 2031 926 2097 admonuit.

349 2153 412 2226 48‘.
441 2156 542 2223 Ilom.
566 2156 597 2224 L
620 2176 654 2239 p.
676 2157 775 2239 pent.
819 2156 932 2222 Lectio
966 2177 1014 2239 ep.
1042 2158 1073 2221 b.
1098 2155 1258 2222 Johamris
1281 2175 1332 2238 ap.
1365 2153 1522 2220 Dominus

242 2264 362 2329 caritas
387 2269 447 2329 est.
479 2264 518 2329 In
542 2265 602 2329 hoo
625 2263 777 2345 apparuit
799 2264 920 2330 caritas
943 2264 1004 2330 dei.
1043 2270 1058 2330 1
1082 2268 1200 2347 1114,
1217 2268 1246 2332 8.

349 2369 482 2436 intente
505 2376 635 2453 oportet
659 2371 780 2450 audire,
806 2370 927 2437 fratres
954 2371 1125 2450 karissimi,
1151 2370 1386 2454 diligenterque
1407 2388 1522 2434 memo-

242 2478 310 2543 riae
322 2479 545 2543 commendare
557 2477 651 2542 simul
668 2483 702 2542 et
713 2478 863 2559 operibus
876 2478 1059 2560 adimplere.
1090 2483 1151 2546 Am
1163 2481 1289 2544 dando:
1305 2476 1519 2560 Augustinus.

349 2600 411 2670 49‘.
446 2603 547 2668 lium.
572 2603 618 2669 Il.
642 2607 764 2686 (Rosur
786 2627 844 2672 uros
867 2605 947 2682 ΙΙΙ.)
968 2622 1003 2686 p.
1026 2605 1124 2686 pent.
1166 2603 1279 2672 Lectio
1305 2604 1336 2667 h.
1362 2601 1521 2669 Iohannis

244 2731 294 2792 ap.
319 2711 428 2777 Nolite
451 2710 562 2776 mirari
585 2710 613 2776 si
636 2711 705 2776 odit
727 2731 787 2779 vos
810 2711 957 2776 mundus.
994 2714 1107 2778 1Joo.
1131 2716 1162 2794 3,
1180 2716 1228 2777 13.

349 2818 400 2882 De
431 2817 637 2883 humanitate
668 2837 746 2900 erga
774 2817 935 2899 proximos
968 2823 1003 2884 et
1032 2819 1073 2884 de
1096 2818 1239 2885 cavendo
1263 2817 1334 2882 odio
1356 2815 1522 2899 praesenti

241 2924 379 2990 lectione
402 2924 619 2989 admonemur.

351 3045 414 3115 50'.
451 3048 552 3114 Dom.
575 3048 647 3115 IIL
672 3053 794 3128 (Bosur
817 3051 915 3126 1111.)
947 3069 982 3133 p.
1014 3051 1111 3133 pont.
1156 3050 1269 3116 Lectio
1296 3051 1326 3114 b.
1351 3049 1444 3115 Petri
1470 3069 1520 3130 ap.

245 3155 466 3221 Humiliamini
489 3157 548 3221 sub
572 3156 698 3237 potenti
720 3177 818 3223 manu
842 3157 902 3222 dei.
942 3163 960 3223 1
984 3161 1066 3226 Por.
1091 3164 1123 3240 5,
1141 3162 1168 3225 6.

349 3281 454 3359 Modo,
479 3280 601 3346 fratres
620 3281 791 3361 karissimi,
822 3282 1004 3350 audivimus
1027 3284 1160 3348 beatum
1183 3281 1319 3348 Petrum
1341 3282 1521 3363 apostolum

243 3388 286 3453 ad
308 3387 524 3453 humilitatem
547 3407 606 3453 nos
629 3390 862 3454 cohortantem.

351 3517 401 3578 51.
426 3511 543 3578 Mense
560 3511 656 3579 1111.
678 3512 774 3578 feria
790 3514 881 3580 1111.
919 3513 1033 3579 Lectio
1055 3513 1175 3579 Esaiae
1190 3515 1302 3595 proph.
1338 3514 1430 3580 Haeo
1446 3513 1524 3579 dicit

246 3619 402 3684 Dominus
426 3619 525 3684 Deus,
563 3619 649 3685 Audi
679 3621 792 3699 Jacob,
825 3639 920 3688 serve
949 3640 1041 3686 meus
1070 3626 1103 3686 et
1126 3621 1262 3686 Israhel.
1298 3625 1454 3702 11411.
1502 3665 1504 3670 ι

351 3745 444 3810 Nunc
460 3763 532 3809 cum
544 3745 733 3825 prophetica
748 3745 844 3810 lectio
860 3746 1026 3828 legeretur
1041 3745 1187 3826 audistis,
1212 3745 1334 3812 fratres
1348 3744 1520 3823 karissimi,

241 3851 474 3917 israheliticum
497 3852 649 3933 populum
672 3853 714 3916 ad
735 3852 832 3917 fidem
854 3853 1053 3950 incitantem.

350 3982 403 4043 52.
427 3976 535 4042 Faria
558 3976 619 4042 vl.
643 3977 756 4043 Lectio
779 3978 877 4043 Johel
899 3980 1011 4059 proph.
1040 3979 1132 4044 Haec
1149 3978 1228 4044 dicit
1252 3979 1398 4044 dominus
1414 3980 1520 4044 Deus:

246 4083 405 4149 Exrdtate
426 4083 484 4148 filii
507 4083 582 4150 Sion
607 4089 641 4150 et
662 4084 809 4153 letamini
831 4085 864 4150 in
888 4086 1024 4152 domino.
1060 4090 1130 4153 Joel
1152 4092 1184 4168 2,
1198 4091 1251 4153 23.

350 4209 442 4274 Inter
465 4209 579 4288 omnia,
604 4209 811 4288 dilectissimi,
844 4229 957 4276 sacrae
979 4210 1160 4292 scripturae
1182 4211 1345 4290 instituta,
1377 4230 1459 4292 quae
1484 4229 1523 4276 ex

246 4315 376 4382 divirrae
390 4315 610 4396 inspirationis
626 4316 717 4382 fonte
732 4322 916 4382 manarunt.
957 4321 988 4385 S.
1001 4321 1115 4386 Leonis
1130 4343 1228 4386 samo
1239 4324 1279 4386 81
1296 4322 1415 4414 (Mipae
1430 4322 1468 4385 P.
1484 4321 1521 4386 L.

245 4427 297 4505 54,
322 4424 408 4501 421).

352 4544 415 4614 52’.
450 4545 604 4616 Sabbato
628 4548 667 4614 111
682 4548 773 4616 XII.
796 4549 879 4615 leot.
913 4550 1027 4615 Lectio
1052 4551 1177 4633 epistol.
1202 4553 1232 4617 b.
1249 4551 1344 4618 Pauli
1366 4552 1408 4617 ad
1430 4551 1521 4617 Rom.

246 4654 428 4721 Justificati
448 4656 550 4738 igitur
574 4676 613 4722 ex
635 4656 699 4722 fide
721 4677 833 4738 pacem
856 4658 1043 4722 habeamus.
1076 4662 1167 4724 Rom.
1192 4665 1223 4742 5,
1240 4663 1267 4724 1.

354 4780 434 4846 Cum
468 4786 689 4862 pertractaret
720 4783 886 4864 apostolus
918 4783 1041 4847 Paulus
1073 4783 1158 4863 quod
1189 4801 1282 4848 nemo
1312 4781 1524 4864 exoperibus

244 4886 366 4953 veteris
389 4887 478 4970 legis.
