3630 5568
300 419 341 482 38
696 430 732 483 ΙΙ.
752 431 803 482 Die
822 429 977 497 Freisinger
995 429 1183 482 Handsohriit.

407 587 492 657 100Ι
541 590 592 655 Ilo
623 590 788 656 doctrina
819 589 1076 673 apostolorum.
1107 589 1210 655 rin.
1261 589 1322 672 Via
1351 581 1415 677 d'ue
1437 595 1515 655 sunt
1543 589 1576 654 in

299 699 405 764 seculo
429 697 497 765 vite
522 702 555 762 et
578 697 701 762 mortis.
748 701 949 782 Adpedrnckt
972 702 1015 764 ian
1037 700 1189 782 Anhanpe
1212 700 1288 764 Doc.
1314 700 1340 762 I.

405 810 468 872 103
475 801 492 869 ’.
518 803 563 870 In
578 802 781 871 festivitate
794 805 1005 870 sanctorum
1017 803 1273 886 apostolorum.
1293 806 1478 886 Zeitanpobe
1489 806 1576 887 felir.

405 911 672 978 Beatissimorum
692 931 730 976 ac
748 911 927 993 principum
948 912 1165 992 apostolorum
1181 910 1274 976 Petri
1290 916 1324 976 et
1337 911 1440 989 Pauli,
1457 910 1577 976 iratres

298 1018 469 1096 karissimi,
494 1018 653 1100 gloriosae
675 1016 834 1098 passionis
858 1001 943 1082 diem
966 1016 1086 1083 festum
1109 1017 1205 1082 hodie
1227 1018 1436 1083 celebramus,

404 1130 475 1192 104.
515 1123 560 1189 ln
583 1123 787 1190 festivitate
804 1142 832 1189 s,
849 1123 1060 1189 corbiniani
1083 1125 1252 1206 episcopi,
1268 1123 1397 1190 summi
1419 1124 1578 1206 pastoris

298 1233 405 1312 atquo
437 1230 582 1313 patroni
618 1230 736 1296 nostri
764 1229 826 1295 vl.
856 1230 906 1295 id.
940 1231 1165 1313 septembris.
1200 1231 1350 1296 Gaudete
1380 1231 1578 1296 dilectissimi

297 1337 418 1404 fratres
433 1338 467 1403 in
483 1338 609 1403 domino
626 1337 681 1418 qui
696 1338 737 1402 ad
752 1337 947 1402 sanctissimi
969 1337 1073 1418 patris
1090 1344 1124 1402 et
1138 1338 1332 1419 protectoris
1355 1338 1458 1404 nostri
1474 1338 1579 1403 sancti

298 1445 421 1510 scilicet
446 1444 539 1510 Oorb.
564 1447 703 1530 (abpcdr.
729 1447 775 1510 aa·
797 1447 943 1523 1000000,
971 1447 1287 1525 Kalendarr‘cn122).

403 1555 466 1618 105
477 1548 493 1614 ‘.
541 1553 684 1632 Hymncn
699 1556 753 1617 mit
769 1553 915 1629 Illenmcn,
933 1575 990 1617 oon
1008 1553 1396 1620 verschiedmeannden.
1428 1551 1579 1632 Exurgat

297 1662 387 1723 totus
410 1658 612 1738 almiphonus
643 1677 740 1738 super
770 1658 937 1722 celestium
969 1659 1082 1722 choros
1114 1657 1353 1723 citharodarum
1377 1657 1578 1723 omnifariam

297 1766 356 1830 deo
381 1765 576 1846 eulogyzans
599 1783 671 1829 cum
691 1764 829 1846 alleluja.

403 1874 443 1958 Bt·
468 1871 540 1935 Vox
563 1870 700 1936 tonitrui
723 1870 773 1935 tui
787 1871 876 1935 Deus
901 1871 934 1935 in
957 1876 1031 1936 rota
1050 1873 1218 1937 Iohannes
1243 1876 1294 1937 est
1317 1863 1576 1953 evangelista..)

403 1977 444 2056 ll.
469 1977 564 2042 Victo
597 1981 713 2042 senatu
743 1996 814 2041 cum
840 1977 979 2043 Caesare
1002 1978 1146 2060 virgineo
1179 1998 1311 2060 corpore
1334 1978 1515 2059 tripudians
1544 1977 1584 2056 in

296 2084 380 2167 igne.
430 2089 468 2152 0.
484 2087 610 2167 Drcoes,
634 2086 786 2151 Analecta
807 2088 951 2170 lrpnenica
970 2090 1064 2151 medii
1087 2091 1154 2153 nevi
1178 2089 1302 2152 XXVI
1320 2086 1578 2172 (Leerar'91897)

296 2201 360 2260 155
367 2197 394 2279 f.
419 2195 467 2260 als
489 2198 516 2261 1.
541 2196 782 2280 Responsorium
803 2196 859 2258 der
882 2198 913 2259 2.
936 2195 1097 2260 Nontarne
1119 2197 1195 2260 nach
1222 2197 1296 2261 0001.
1315 2198 1373 2259 101
1397 2215 1474 2258 saec.
1491 2193 1581 2258 XIII

297 2304 354 2366 der
384 2303 572 2369 Unioersiidt
597 2302 728 2384 Onforcl.

405 2409 444 2494 ll.
466 2406 615 2472 Accessit
638 2407 680 2472 ad
702 2408 801 2488 pedes
818 2409 901 2473 Iesu
924 2407 1089 2489 peccatrix
1112 2409 1227 2473 mulier
1249 2408 1353 2473 Maria
1377 2415 1411 2474 et
1434 2408 1579 2473 osculata

298 2519 349 2578 est
374 2519 407 2579 et
429 2514 513 2581 lavit
535 2513 675 2579 lacrimis
700 2520 734 2578 et
757 2514 855 2579 tersit
878 2515 1000 2595 capillis
1025 2520 1059 2579 et
1081 2515 1175 2580 unxit
1197 2521 1349 2598 ungento.

404 2617 444 2698 ll.
470 2621 614 2686 Dimissa
645 2627 723 2686 sunt
754 2621 782 2685 ei
813 2626 949 2703 peccata
978 2622 1090 2700 multa,
1122 2621 1270 2702 quoniam
1294 2621 1407 2687 dilexit
1431 2621 1577 2686 multum.

298 2727 344 2792 Et
368 2728 491 2800 oscul..

403 2837 496 2902 Ant:
520 2835 641 2916 Magna
664 2854 728 2900 vox
750 2834 846 2899 laude
872 2853 987 2899 sonora
1011 2839 1046 2899 te
1061 2835 1156 2899 decet
1173 2887 1178 2898 .
1198 2887 1230 2898 ..
1256 2856 1274 2899 o
1298 2854 1389 2899 sacer
1404 2835 1579 2899 lamberte

297 2946 433 3022 martyr,
451 2946 572 3016 ,nostra
595 2946 674 3007 vota
702 2940 836 3023 suscipe.
885 2945 977 3008 Mona
1000 2945 1063 3027 III,
1088 2947 1154 3008 386
1177 2944 1257 3007 nacla
1285 2947 1368 3008 00000
1394 2943 1580 3023 Bamberpor

298 3049 538 3130 Handsclnr'y‘t;⁴
552 3050 668 3114 Dreros
685 3051 813 3132 XXVI,
839 3053 905 3114 230
927 3051 1007 3115 noch
1027 3053 1110 3114 einer
1125 3051 1286 3115 Brdsseler
1302 3049 1512 3131 HundsclrrIst
1528 3049 1580 3112 des

300 3157 352 3232 10.
372 3157 612 3221 Journnnderts.

403 3259 515 3330 Ant.²:
540 3261 598 3325 ibo
622 3260 718 3325 michi
747 3262 790 3326 ad
821 3265 962 3326 montem
988 3262 1121 3343 Myrrae
1152 3261 1250 3326 etad
1276 3261 1372 3326 colles
1395 3258 1523 3343 Lybani
1547 3263 1580 3322 et

296 3367 423 3446 loquar;
448 3387 513 3434 vox
528 3367 668 3433 turturis
692 3367 804 3433 audita
824 3373 875 3433 est
896 3368 930 3432 in
958 3368 1102 3434 turribus
1119 3367 1333 3434 Hierusalem.
1372 3366 1455 3432 Veni
1479 3365 1581 3431 amica

296 3493 377 3552 mea,
415 3493 511 3556 surge
546 3475 652 3554 aquilo
689 3480 722 3539 et
744 3475 820 3542 veni
843 3480 964 3553 auster,
992 3475 1094 3556 perfla
1116 3477 1247 3541 hortum
1281 3494 1386 3540 meum
1411 3479 1446 3538 et
1478 3471 1581 3537 fluent

298 3585 446 3646 aromata
468 3581 563 3647 illius.

403 3693 497 3754 Ant:
528 3687 667 3753 Michael
698 3689 893 3771 archangele
919 3687 1056 3754 defende
1085 3708 1143 3754 nos
1167 3688 1200 3753 in
1222 3687 1342 3771 proelio
1366 3684 1580 3753 succurrendo

297 3792 331 3857 in
366 3793 492 3871 auxilio,
530 3798 568 3859 ut
601 3813 665 3860 non
699 3815 869 3875 pereamus
900 3797 934 3860 in
964 3797 1131 3861 tremendo
1164 3795 1289 3862 iudicio.

403 3903 565 3987 Hymnus:
589 3901 661 3968 Ave
684 3922 812 3983 gemma
837 3903 996 3968 claritatis
1021 3954 1077 3967 ...
1106 3907 1197 3970 Mone
1218 3906 1282 3986 III,
1306 3908 1372 3971 369
1393 3906 1454 3971 Nr.
1471 3908 1557 3971 1005
1564 3931 1578 3987 ,-

296 4011 357 4094 oql.
374 4014 534 4076 dazn178
549 4013 608 4077 Nr.
627 4016 702 4078 772.

403 4119 661 4202 Responsorinnc:
688 4117 839 4182 Gaudeat
859 4122 930 4182 tota
952 4117 1046 4200 virgo
1069 4121 1175 4182 mater
1199 4117 1333 4182 ecclesia
1356 4116 1477 4199 egregii
1491 4136 1581 4197 prae-

298 4222 376 4286 sulis
399 4221 574 4288 lantberti
597 4224 721 4288 meritis
748 4223 928 4306 ursignibus
953 4223 1141 4301 iocundata;
1173 4223 1317 4289 laetetur
1339 4223 1417 4290 felix
1438 4223 1581 4290 Bavaria

298 4335 365 4393 tam
390 4330 484 4396 suavi
505 4331 595 4411 prole
618 4330 807 4408 fecundata3
837 4330 963 4396 exultet
985 4330 1136 4412 precipue
1159 4330 1275 4397 ciuitas
1299 4329 1471 4412 Frisirrgia,
1496 4329 1582 4394 tanti

296 4435 457 4516 pontificis
481 4435 531 4501 sui
555 4437 709 4515 doctrina,
735 4435 922 4518 patrociniis
941 4441 974 4501 et
991 4456 1123 4518 corpore
1149 4456 1240 4502 sacro
1263 4437 1412 4519 gloriosa,
1439 4434 1495 4522 [ut]
1514 4435 1582 4500 eius

297 4541 350 4621 pia
374 4543 460 4621 apud
483 4543 644 4608 dominum
669 4544 763 4609 deum
788 4550 934 4609 nostrum
959 4543 1081 4608 sentire
1105 4547 1150 4624 (I)
1177 4563 1359 4609 mereamur
1382 4541 1550 4626 suffragia.

405 4651 564 4734 Hprnnns:
597 4649 715 4715 Inclita
748 4655 882 4715 sanctae
912 4649 1047 4733 virginis
1082 4650 1279 4715 Catharinae
1311 4647 1476 4716 sollemnia
1507 4702 1513 4713 .
1540 4701 1546 4712 .
1574 4701 1579 4712 .

297 4757 388 4820 Monc
403 4758 466 4837 III,
487 4761 553 4821 370
576 4759 635 4822 Nr.
653 4761 748 4822 1005.
798 4761 835 4822 G.
854 4755 971 4822 Dreros
994 4759 1119 4823 XVIII
1138 4758 1393 4843 (0000001094)
1418 4761 1487 4822 101.

409 4895 418 4924 ¹
436 4893 519 4950 Dicae
537 4895 682 4964 Antiphon
700 4900 772 4950 soant
790 4896 877 4950 ihrcrn
901 4896 966 4950 Vera
984 4897 1020 4951 isi
1033 4895 1099 4964 fast
1115 4914 1187 4966 puna
1205 4897 1347 4951 erloccnen.
