3624 5556
275 369 336 433 136
821 383 996 436 Documenta.

361 563 513 623 Omnium
536 562 664 640 quidem
686 581 775 622 aures
798 566 829 622 et
850 566 971 622 mentes
994 580 1071 639 quos
1096 580 1169 621 cura
1191 565 1298 622 nostra
1321 560 1546 638 complectitur.

272 671 479 748 Augustinus.
518 670 640 744 Μ.39,
667 671 761 730 1560.
799 669 833 729 L.
861 672 911 729 63.
943 669 980 730 G.
1008 672 1102 730 122.
1152 716 1158 729 .
1208 717 1213 728 .
1263 716 1269 728 .
1319 717 1325 728 ,
1374 716 1380 728 .
1431 715 1436 727 .
1509 670 1548 727 27

361 777 490 855 Oportet
518 775 692 850 adtendere,
724 776 833 836 fratres
864 777 1024 849 carissimi,
1057 779 1175 854 quanta
1207 774 1256 836 dei
1288 777 1385 852 pietas
1417 775 1458 835 sit
1481 793 1552 852 erga

273 886 450 945 humanum
474 903 582 962 genus,
614 888 651 944 ut
678 885 876 961 omnipotens
906 881 982 943 deus
1006 887 1122 944 creator
1151 887 1183 943 et
1205 880 1346 942 conditor
1369 880 1552 959 angelorum

276 996 307 1052 et
328 991 497 1051 hominurn
519 991 684 1068 omnisque
707 992 861 1050 creaturae
875 989 1007 1050 visibilis
1031 993 1061 1049 et
1084 988 1251 1049 invisibilis
1275 993 1395 1066 patrem
1419 1007 1451 1048 se
1478 986 1553 1049 velit

273 1101 375 1159 vocari
398 1098 436 1158 ab
459 1098 597 1158 homine.
637 1097 843 1175 Augustinus.
884 1096 926 1157 M.
953 1099 1004 1171 39,
1030 1099 1126 1156 2193.
1167 1095 1204 1156 G.
1231 1098 1295 1156 314
1375 1143 1381 1155 .
1431 1141 1436 1154 .
1510 1097 1550 1155 37

364 1206 501 1284 Oportet,
526 1204 859 1278 1111111111111111111111,
884 1203 1054 1281 unicuique
1077 1203 1256 1263 Christiano
1321 1251 1326 1262 .
1376 1249 1381 1262 .
1432 1249 1437 1262 .
1510 1204 1550 1261 85

363 1314 419 1374 Ρ11
453 1311 633 1390 exemplum
667 1311 823 1383 multene,
859 1308 897 1370 de
933 1330 996 1388 qua
1029 1329 1174 1388 praesens
1210 1314 1256 1370 est
1290 1309 1381 1370 lectio
1415 1311 1550 1370 recitata.

275 1420 448 1499 Gregorius.
497 1419 543 1480 Cf.
568 1419 611 1479 M.
632 1422 682 1492 79,
708 1421 771 1478 815
820 1463 1438 1482 ............
1512 1420 1552 1476 25

364 1528 421 1588 Per
451 1529 555 1587 tantas
588 1525 699 1604 glorias
735 1529 915 1586 sanctorum
949 1528 1139 1604 martyrum,
1176 1522 1289 1602 quibua
1323 1542 1410 1583 nuno
1444 1525 1553 1602 utique

275 1633 362 1694 ficret
349 1633 519 1694 tlccoesia.
566 1632 604 1694 G.
630 1635 692 1692 289
764 1677 1382 1692 ...........
1433 1634 1485 1705 36,
1512 1634 1552 1690 66

365 1741 472 1800 Petrus
508 1738 666 1817 apostolus
703 1740 792 1816 quasi
825 1737 930 1798 doctor
965 1685 997 1798 11
1027 1739 1142 1815 magist
1143 1757 1175 1798 er
1129 1736 1388 1812 tinoredulos,
1422 1737 1554 1815 qualiter

276 1845 517 1907 misericordiam
540 1850 740 1920 mererentur,
761 1845 935 1906 admonuit.
981 1846 1051 1906 Leo.
1084 1845 1126 1906 M.
1146 1847 1197 1918 54,
1223 1847 1303 1918 415;
1330 1843 1383 1905 cir.
1412 1844 1551 1906 Hraban.

278 1955 319 2014 Μ
343 1955 415 2027 110,
443 1957 515 2018 273
543 1954 578 2013 L.
598 1956 648 2012 67.
679 1953 716 2013 G
737 1955 797 2012 153
847 1998 1463 2016 ............
1513 1955 1552 2010 29

366 2059 549 2120 Plenissime
572 2059 699 2137 quidem
730 2077 856 2120 causam
880 2063 972 2137 atque
995 2061 1148 2120 rationem
1172 2059 1342 2136 praesentis
1365 2058 1553 2119 festivitatis.

277 2168 348 2228 Leo.
388 2165 1009 2241 Μ.54,404;Η111)111111110,252.
1044 2165 1082 2226 G.
1110 2169 1170 2225 147
1213 2213 1441 2231 .....
1513 2168 1553 2226 28

367 2275 440 2334 Post
469 2273 640 2334 adventum
672 2275 799 2351 spiritus
830 2274 931 2333 sancti
959 2274 995 2332 in
1025 2272 1190 2350 apostolos
1223 2291 1317 2350 quem
1347 2271 1450 2333 adhuc
1472 2292 1555 2350 prae-

279 2382 361 2442 senti
383 2381 550 2441 festivitate
573 2379 773 2440 celebramus.
813 2381 850 2440 G.
879 2382 938 2439 151
989 2427 1441 2440 .........
1514 2383 1554 2440 29

368 2489 441 2548 Post
462 2487 552 2547 illum
576 2492 808 2548 sacrosanctum
824 2488 952 2547 Domini
970 2485 1107 2548 natalem
1123 2486 1207 2547 diem
1223 2487 1419 2547 nativitatem
1436 2486 1554 2547 nullius

279 2597 427 2656 hominis.
466 2595 673 2672 Augustinus.
713 2594 774 2655 Cfr.
799 2595 842 2655 M.
869 2599 920 2669 39,
947 2599 1042 2654 2111.
1083 2594 1120 2655 G.
1149 2598 1209 2653 179
1268 2642 1274 2654 .
1323 2642 1329 2654 .
1380 2641 1385 2654 .
1436 2642 1442 2654 .
1513 2597 1555 2654 30

369 2703 442 2762 Post
464 2701 556 2763 verba
584 2703 690 2779 patris,
722 2701 835 2778 quibus
866 2701 968 2762 filium
999 2721 1093 2762 suurn
1122 2699 1243 2761 mundo
1266 2701 1466 2762 nuntiaverat
1490 2721 1557 2762 esse

281 2812 459 2868 venturum.
498 2807 721 2886 Hieronymus.
762 2808 805 2869 M.
831 2811 883 2882 24,
910 2811 984 2868 506.
1023 2808 1060 2868 G.
1089 2811 1150 2868 105
1215 2855 1443 2868 .....
1515 2812 1555 2868 27

370 2916 517 2975 Praesens
533 2916 593 2975 ista
607 2914 769 2989 festivitas
786 2914 894 2975 fratres
911 2916 1071 2988 carissimi,
1089 2914 1158 2976 ideo
1170 2914 1349 2990 celebratur,
1367 2915 1441 2993 quia
1457 2934 1492 2975 eo
1508 2915 1558 2976 die

281 3023 375 3084 etiam
391 3021 538 3082 dominus
554 3026 660 3083 noster
673 3022 760 3082 lesus
777 3022 919 3082 Christus
936 3023 970 3082 in
985 3021 1111 3101 temple.
1133 3022 1167 3083 L.
1184 3026 1323 3083 59-61.
1349 3023 1385 3084 G.
1406 3026 1446 3083 38
1517 3027 1556 3083 23

371 3131 517 3190 Praesens
547 3128 638 3189 lectio
660 3133 788 3189 actuum
811 3127 1021 3206 apostolorum
1044 3130 1237 3207 pronuntiat,
1255 3107 1371 3190 1111111
1396 3129 1557 3201 carissimi,

281 3236 437 3315 quomodo
460 3235 592 3314 apostoli
615 3235 711 3309 Pauli,
743 3237 831 3296 cuius
864 3234 1053 3313 singularem
1075 3233 1168 3296 hodie
1190 3237 1392 3298 festivitatem
1417 3235 1557 3311 colimus,

281 3343 459 3404 Hrabanus.
496 3343 538 3402 M.
567 3346 639 3417 110,
665 3345 738 3404 354.
779 3343 815 3403 G.
844 3346 944 3404 191.
994 3391 999 3402 .
1051 3391 1056 3404 .
1107 3392 1112 3404 .
1162 3393 1168 3404 .
1218 3394 1223 3404 .
1274 3393 1279 3404 .
1329 3393 1335 3405 .
1384 3394 1390 3405 .
1440 3393 1446 3404 .
1517 3348 1556 3404 31

371 3451 528 3511 Praesenti
558 3468 616 3509 nos
645 3449 776 3510 lectione
805 3468 901 3528 quam
931 3449 1082 3524 audistis,
1113 3451 1221 3511 fratres
1252 3453 1421 3527 carissimi,
1454 3455 1560 3511 monet

282 3556 441 3636 apostolus
457 3555 588 3634 spiritali
604 3557 844 3617 conversatione.
879 3556 1102 3634 Hieronymus.
1135 3558 1169 3618 L.-
1189 3553 1240 3619 741
1273 3559 1334 3618 Gfr.
1353 3559 1395 3619 M.
1414 3562 1466 3632 26,
1484 3561 1558 3618 410.

283 3664 320 3725 a.
344 3667 406 3724 215
441 3711 1446 3738 ...................
1518 3669 1558 3724 aa

373 3771 476 3830 Prima
499 3790 569 3848 ergo
592 3772 712 3832 iustitia
734 3776 789 3845 est,
815 3770 897 3830 mala
920 3770 1107 3831 nonfacere
1160 3819 1445 3832 ......
1518 3775 1558 3832 79

373 3878 476 3938 Primo
506 3879 651 3938 omnium
678 3877 892 3955 quaerendum
922 3881 969 3938 est
997 3878 1129 3952 homini,
1162 3896 1241 3956 quae
1264 3879 1305 3938 sit
1327 3897 1399 3938 vera
1422 3879 1559 3939 scientia.

284 3986 470 4051 Bonifatius,
511 3987 719 4059 1111111
776 3972 794 4046 .’
832 4032 1449 4046 ............
1520 3987 1561 4045 so

374 4093 514 4153 Primum
530 4093 729 4170 omnipotens
745 4092 821 4153 deus
837 4091 998 4153 hominem
1015 4094 1049 4152 in
1065 4091 1207 4170 paradiso
1223 4091 1262 4152 ad
1275 4110 1365 4152 suam
1380 4093 1560 4169 imaginem.

284 4200 471 4261 Bonifatius.
515 4201 557 4260 M.
584 4203 636 4274 89,
662 4203 724 4259 862
774 4246 1170 4260 ........
1189 4237 1191 4242 -
1220 4246 1449 4259 .....
1521 4202 1559 4258 81

375 4307 556 4385 Prophetiea
568 4305 658 4367 nobis
666 4307 881 4382 lectiO,frat1·es
890 4308 1050 4381 carissimi,
1063 4293 1178 4381 narrat,
1188 4306 1372 4366 utaudistis.
1385 4305 1422 4366 G.
1430 4309 1472 4367 94
1520 4309 1560 4366 26

375 4414 505 4475 Pulchre
521 4416 596 4475 satis
611 4414 759 4474 admonet
775 4418 805 4474 et
820 4412 1002 4474 adhortatur
1016 4433 1074 4474 nos
1090 4413 1259 4492 apostolus,
1275 4414 1384 4474 fratres
1401 4413 1562 4487 carissimi,

287 4525 323 4581 ut
346 4520 466 4582 audivit
488 4524 523 4582 in
546 4523 702 4601 praesenti
724 4521 855 4581 lectione
878 4519 1001 4582 dilectio
1024 4524 1134 4582 vestra.
1177 4521 1215 4582 G.
1243 4525 1336 4581 129.
1387 4569 1392 4580 .
1423 4514 1447 4581 ’.
1521 4524 1561 4581 28

378 4627 527 4700 Quamvis
558 4628 649 4689 lectio
680 4631 740 4689 ista
769 4647 864 4705 quarn
893 4647 981 4688 nunc
1009 4626 1155 4702 audistis,
1188 4629 1297 4689 fratres
1329 4629 1494 4703 carissimi,
1526 4625 1565 4688 de

288 4734 391 4813 aliquo
414 4739 534 4796 terreno
558 4735 713 4796 sacerdote
736 4740 766 4796 et
781 4735 955 4796 confessore
971 4736 1087 4796 Christi
1099 4736 1227 4796 recitata
1243 4735 1392 4797 videatur.
1429 4737 1562 4812 August.

289 4842 326 4902 G.
353 4845 414 4902 291
442 4888 1450 4903 ...................
1523 4845 1563 4901 36
