3630 5568
677 460 850 516 Verneichnis
869 462 917 516 der
934 461 1080 516 Homilien.
1475 449 1518 513 25

346 647 386 708 15
397 638 413 706 '.
449 639 556 706 Faria
579 640 654 706 111.
688 640 801 706 Lectio
832 641 907 706 libri
930 641 1065 724 Regum.
1100 642 1140 706 In
1164 641 1277 707 diebus
1309 641 1372 706 illis
1405 641 1519 707 mulier

238 749 375 830 quedam
398 749 561 813 clamabat
582 747 624 814 ad
646 748 834 829 Helyseum.
875 751 1033 833 411114,
1052 753 1079 814 1.

344 856 409 921 Per
433 854 612 935 exemplum
637 853 789 932 mulieris
818 854 859 919 de
891 873 955 934 qua
979 873 1134 935 praesens
1165 860 1217 920 est
1247 853 1343 920 lectio
1369 854 1517 920 recitata.

244 967 302 1030 Am
324 966 456 1029 Rortde:
479 960 665 1043 Gregorius.
706 961 773 1046 Vqt
792 963 935 1047 Append.
961 963 1081 1048 (Midae
1104 963 1139 1030 P.
1157 963 1193 1030 L.
1219 965 1270 1042 79,
1295 963 1382 1038 815).

344 1074 385 1135 16
393 1063 410 1134 '.
447 1066 554 1133 Faria
576 1065 638 1132 11.
677 1066 790 1132 Lectio
812 1067 887 1133 libri
909 1068 1028 1133 Exodi:
1054 1069 1187 1134 Honora
1218 1073 1345 1151 patrem
1369 1073 1461 1134 tuum
1486 1073 1520 1134 et

237 1180 375 1242 matrem
398 1180 499 1241 tuam.
536 1178 777 1257 Erod.20,12.
800 1180 847 1242 17.

345 1279 461 1347 Omnia
495 1280 597 1364 igitur
625 1288 779 1364 precepta
810 1281 934 1351 veteris
967 1282 1049 1365 legis
1084 1282 1257 1365 diligenter
1291 1282 1418 1363 quidem
1454 1302 1517 1348 ser·

237 1389 345 1457 vanda
368 1393 455 1454 sunt.
503 1395 566 1455 Am
588 1393 720 1456 Raude:
743 1389 973 1472 Hieronymus.

341 1501 392 1562 17.
419 1501 479 1562 Am
496 1499 624 1563 Raude:
648 1498 719 1564 Hec
740 1497 819 1563 dicit
836 1497 983 1563 dominus
999 1497 1093 1563 deus:
1120 1497 1353 1563 confortamini
1369 1499 1427 1579 (sic
1434 1499 1460 1576 1)
1477 1498 1519 1562 ad

238 1621 289 1668 me
314 1606 348 1668 et
372 1600 455 1669 salvi
479 1601 580 1667 eritis.
616 1604 686 1669 Deo
709 1604 844 1686 gratias.

346 1713 387 1774 17
397 1704 414 1774 '.
444 1706 552 1774 Faria
575 1709 616 1775 1.
654 1711 767 1776 Lectio
797 1709 982 1776 Hieremiae
1011 1713 1200 1794 prophetae.
1244 1710 1285 1774 In
1315 1710 1427 1776 diebus
1456 1709 1519 1775 illis

237 1813 345 1882 factus
359 1820 411 1881 est
428 1834 532 1880 sermo
545 1815 663 1881 domini
675 1817 717 1881 ad
736 1817 935 1884 Hieremiam
955 1817 1077 1884 dicens:
1099 1816 1158 1882 Sta
1175 1815 1209 1881 in
1227 1822 1332 1898 porta.
1365 1820 1429 1884 Jer.
1444 1822 1474 1900 7,
1487 1822 1518 1882 2.

345 1922 429 2005 Quid
453 1928 513 2002 est,
539 1924 624 2004 quod
639 1924 821 1991 audivimus
843 1924 877 1989 in
892 1925 1082 2006 prophetica
1096 1923 1245 2002 lectione,
1270 1922 1392 1988 fratres
1418 1923 1519 1988 karis-

238 2029 324 2107 simi;
338 2028 462 2095 factum
477 2035 528 2096 est
537 2031 673 2097 verbum
680 2030 817 2096 Domini.
836 2036 898 2098 Am
905 2035 1017 2099 Raade
1025 2058 1035 2097 .·
1048 2031 1275 2113 Hieronymus.
1288 2033 1328 2096 11
1335 2034 1446 2097 Jerem.
1458 2035 1520 2108 2,7

238 2137 359 2219 (Minae
382 2139 419 2202 P.
441 2139 478 2202 L.
497 2141 550 2221 24,
568 2139 656 2214 729).

343 2247 385 2308 18
394 2238 410 2307 ’.
441 2239 605 2310 Sabbato.
622 2243 735 2309 Lectio
752 2243 897 2308 Danielis
913 2245 1101 2325 prophetae.
1134 2243 1219 2309 Erat
1231 2243 1282 2311 vir
1296 2243 1330 2308 in
1342 2244 1517 2327 Babylone.

239 2349 390 2430 111113,
410 2354 435 2415 1.

343 2455 383 2520 In
406 2455 551 2537 presenti
572 2455 720 2534 lectione,
746 2475 842 2536 quam
865 2456 1014 2532 audistis,
1038 2455 1238 2521 dilectissimi
1261 2455 1362 2534 nobis,
1394 2458 1515 2522 lectum

239 2568 291 2628 est
313 2563 354 2628 de
377 2562 535 2628 Susanna.

345 2675 385 2737 19
394 2665 412 2734 '.
444 2669 631 2736 Dominioa
653 2669 716 2734 11.
751 2669 864 2736 Lectio
889 2669 1046 2752 epistolae
1074 2671 1105 2734 b.
1137 2669 1232 2736 Pauli
1263 2690 1313 2752 ap.
1339 2670 1381 2735 ad
1409 2669 1518 2735 Galat.

238 2777 385 2855 Fratres
410 2776 566 2858 scripturn
591 2781 643 2842 est
665 2777 815 2857 quoniam
838 2777 1014 2843 Abraham.
1053 2780 1123 2845 Gal.
1148 2783 1179 2862 4,
1199 2783 1252 2844 22.

344 2882 397 2947 Ex
418 2883 558 2948 lectione
580 2883 758 2963 apostolica
785 2883 977 2961 audivimus,
1008 2882 1149 2962 fratres:
1172 2883 1308 2948 duorum
1330 2883 1520 2965 populorum

238 2991 292 3058 vel
315 2990 451 3056 duorum
474 2993 746 3054 testamentorum
768 2989 915 3073 figuram.
952 2993 1012 3056 Am
1037 2993 1164 3057 Raade:
1188 2987 1416 3072 Hieronymus

346 3103 399 3163 20.
431 3095 538 3161 Faria
560 3095 612 3162 H.
647 3096 760 3162 Lectio
783 3096 857 3161 libri
879 3096 1015 3180 Regum.
1051 3097 1091 3162 11
1121 3096 1233 3162 diebus
1265 3095 1328 3162 illis
1359 3101 1520 3164 venerunt

239 3204 302 3269 due
324 3203 475 3268 mulieres
497 3201 694 3268 meretrices.
742 3209 764 3269 3
786 3207 974 3287 1111116.

345 3311 396 3375 De
426 3309 543 3375 iudicio
576 3308 754 3375 Salomonis
785 3309 873 3376 inter
904 3310 1064 3402 mulieres,
1100 3310 1279 3390 exquibus
1310 3329 1376 3375 una
1407 3309 1517 3389 filium,

240 3437 334 3498 quem
348 3416 482 3482 lactare.
519 3419 580 3482 Am
596 3419 725 3482 Raude:
742 3415 928 3499 Gregorius.
964 3419 1079 3485 Moral.
1097 3423 1148 3501 21,
1166 3421 1273 3500 10,16
1289 3418 1409 3503 (Minna
1425 3421 1464 3484 P.
1481 3421 1518 3484 L.

241 3525 403 3608 763199).

345 3636 395 3698 21.
426 3630 534 3696 Faria
555 3629 618 3696 Ι1.
653 3629 766 3695 Lectio
790 3629 910 3695 Esaiae
925 3631 1113 3711 prophetae.
1146 3631 1188 3695 H.
1206 3631 1236 3695 d.
1254 3630 1312 3694 D.:
1337 3629 1518 3697 Lavamini.

239 3739 279 3804 Ia
301 3742 329 3822 1,
346 3742 397 3803 16.

344 3842 385 3906 In
408 3842 554 3908 omnibus
570 3839 739 3925 scripturis
756 3842 882 3921 divinis,
906 3841 1028 3908 fratres
1044 3841 1215 3923 karissimi,
1241 3843 1368 3910 utiliter
1383 3863 1421 3909 ac
1436 3845 1519 3910 salu-

238 3949 342 4022 briter
353 3949 570 4016 admonemur.
588 3954 651 4017 Am
662 3953 789 4017 Raude:
800 3949 1014 4032 Augustinus.
1033 3953 1202 4035 8.,419111.
1214 3955 1388 4018 11111253
1400 3953 1520 4034 (Miyne

239 4056 276 4121 P.
301 4059 338 4125 L.
369 4061 421 4142 39,
453 4058 563 4136 2212).
617 4060 689 4124 Nur
717 4061 775 4124 das
803 4060 934 4124 [aritium
966 4061 1082 4125 stimme
1115 4059 1249 4141 ebarcio,
1285 4060 1341 4122 der
1375 4059 1451 4126 Teat
1481 4062 1520 4124 ist

239 4165 332 4248 vdllc'q
355 4165 554 4231 abweicbead.
1232 4249 1235 4260 Ι

348 4275 399 4337 22.
431 4269 538 4336 Faria
554 4271 594 4337 V.
629 4269 743 4337 Lectio
758 4269 832 4335 libri
847 4269 983 4352 Regum.
1021 4270 1061 4334 In
1084 4269 1196 4335 diebus
1211 4269 1275 4335 illis
1290 4269 1383 4337 venit
1405 4270 1520 4335 mulier

240 4375 425 4443 Sunamitis
473 4381 584 4464 41119.
601 4383 632 4455 4,
649 4384 701 4446 25.
1518 4375 1519 4380 ¹

345 4483 477 4566 Quanta
500 4484 544 4550 sit
565 4486 620 4552 vel
641 4484 743 4550 fuerit
764 4482 984 4549 misericordia
1007 4483 1190 4549 conditoris.
1238 4486 1306 4550 Auo
1329 4482 1516 4567 Gregorius.

346 4586 415 4658 22‘.
452 4587 617 4657 Sabbato.
652 4591 765 4657 Lectio
789 4590 909 4656 Esaiae
931 4590 1119 4670 prophetae.
1144 4590 1186 4653 H.
1204 4590 1234 4654 d.
1252 4590 1292 4654 D.
1317 4591 1520 4671 intempore

239 4697 357 4778 placito
382 4697 532 4765 exaudivi
555 4703 598 4762 te.
636 4701 678 4764 ls.
703 4703 755 4782 49,
772 4702 802 4763 8.

341 4804 381 4868 11
403 4804 549 4885 presenti
561 4804 700 4870 lectione
715 4823 773 4886 per
788 4805 981 4885 prophetam
996 4823 1055 4869 nos
1071 4803 1218 4869 dominus
1232 4804 1385 4870 admonet
1399 4803 1518 4869 dicens.
1558 4867 1561 4876 ,

240 4914 307 4978 Aac
328 4911 557 4993 Hieronymus.
608 4915 649 4978 in
671 4914 789 4979 isaiam
804 4917 854 4989 13,
880 4915 922 4977 49
946 4914 1065 4998 (111911
1083 4915 1120 4977 Ρ.
1138 4915 1175 4978 L.
1194 4915 1246 4992 24,
1263 4913 1352 4987 468).
