<?xml version="1.0" encoding="UTF-8"?>
<!DOCTYPE html PUBLIC "-//W3C//DTD XHTML 1.0 Transitional//EN"
    "http://www.w3.org/TR/xhtml1/DTD/xhtml1-transitional.dtd">
<html xmlns="http://www.w3.org/1999/xhtml" xml:lang="en" lang="en">
 <head>
  <title>
</title>
<meta http-equiv="Content-Type" content="text/html;charset=utf-8" />
  <meta name='ocr-system' content='tesseract 3.04.00' />
  <meta name='ocr-capabilities' content='ocr_page ocr_carea ocr_par ocr_line ocrx_word'/>
</head>
<body>
  <div class='ocr_page' id='page_1' title='image "./doctrinaxiiapos00schlgoog_0156.png"; bbox 0 0 3624 5556; ppageno 0'>
   <div class='ocr_carea' id='block_1_1' title="bbox 746 359 1531 426">
    <p class='ocr_par' dir='ltr' id='par_1_1' title="bbox 746 359 1531 426">
     <span class='ocr_line' id='line_1_1' title="bbox 746 359 1531 426; baseline -0.005 -1"><span class='ocrx_word' id='word_1_1' title='bbox 746 370 833 426; x_wconf 89' lang='lat' dir='ltr'>Initia</span> <span class='ocrx_word' id='word_1_2' title='bbox 850 370 1038 426; x_wconf 83' lang='lat' dir='ltr'>Humiliarum.</span> <span class='ocrx_word' id='word_1_3' title='bbox 1469 359 1531 422; x_wconf 86' lang='lat'>135</span> 
     </span>
    </p>
   </div>
   <div class='ocr_carea' id='block_1_2' title="bbox 244 550 1530 2230">
    <p class='ocr_par' dir='ltr' id='par_1_2' title="bbox 244 550 1530 2230">
     <span class='ocr_line' id='line_1_2' title="bbox 342 550 1529 630; baseline -0.003 -17"><span class='ocrx_word' id='word_1_4' title='bbox 342 553 520 613; x_wconf 80' lang='lat' dir='ltr'>lectionem</span> <span class='ocrx_word' id='word_1_5' title='bbox 543 551 693 626; x_wconf 89' lang='lat' dir='ltr'>divinam,</span> <span class='ocrx_word' id='word_1_6' title='bbox 718 555 873 628; x_wconf 87' lang='lat' dir='ltr'>quantum</span> <span class='ocrx_word' id='word_1_7' title='bbox 888 551 964 614; x_wconf 90' lang='lat' dir='ltr'>boni</span> <span class='ocrx_word' id='word_1_8' title='bbox 987 553 1037 626; x_wconf 87' lang='lat' dir='ltr'>sit,</span> <span class='ocrx_word' id='word_1_9' title='bbox 1061 551 1196 630; x_wconf 89' lang='lat' dir='ltr'>diligere,</span> <span class='ocrx_word' id='word_1_10' title='bbox 1221 557 1252 612; x_wconf 85' lang='lat' dir='ltr'>et</span> <span class='ocrx_word' id='word_1_11' title='bbox 1274 555 1430 629; x_wconf 91' lang='lat' dir='ltr'>quantum</span> <span class='ocrx_word' id='word_1_12' title='bbox 1455 550 1529 610; x_wconf 88' lang='lat' dir='ltr'>mali</span> 
     </span>
     <span class='ocr_line' id='line_1_3' title="bbox 253 658 1529 736; baseline -0.002 -16"><span class='ocrx_word' id='word_1_13' title='bbox 253 661 295 720; x_wconf 91' lang='lat' dir='ltr'>sit</span> <span class='ocrx_word' id='word_1_14' title='bbox 316 659 355 720; x_wconf 91' lang='lat' dir='ltr'>ab</span> <span class='ocrx_word' id='word_1_15' title='bbox 377 658 461 720; x_wconf 91' lang='lat' dir='ltr'>illius</span> <span class='ocrx_word' id='word_1_16' title='bbox 485 659 606 720; x_wconf 89' lang='lat' dir='ltr'>notitia.</span> <span class='ocrx_word' id='word_1_17' title='bbox 654 660 874 736; x_wconf 71' lang='lat' dir='ltr'>Augustinus?</span> <span class='ocrx_word' id='word_1_18' title='bbox 919 659 1040 732; x_wconf 91' lang='lat' dir='ltr'><strong>M.40,</strong></span> <span class='ocrx_word' id='word_1_19' title='bbox 1068 662 1151 722; x_wconf 85' lang='lat'><strong>1339</strong></span> <span class='ocrx_word' id='word_1_20' title='bbox 1186 706 1416 720; x_wconf 86' lang='grc'><strong>.....</strong></span> <span class='ocrx_word' id='word_1_21' title='bbox 1488 661 1529 718; x_wconf 89' lang='grc'>36</span> 
     </span>
     <span class='ocr_line' id='line_1_4' title="bbox 341 764 1530 843; baseline -0.003 -16"><span class='ocrx_word' id='word_1_22' title='bbox 341 767 440 827; x_wconf 91' lang='lat' dir='ltr'>Lucas</span> <span class='ocrx_word' id='word_1_23' title='bbox 456 764 653 843; x_wconf 89' lang='lat' dir='ltr'>evangelista,</span> <span class='ocrx_word' id='word_1_24' title='bbox 678 765 786 826; x_wconf 80' lang='lat' dir='ltr'>iratres</span> <span class='ocrx_word' id='word_1_25' title='bbox 802 766 872 842; x_wconf 90' lang='lat' dir='ltr'>mei,</span> <span class='ocrx_word' id='word_1_26' title='bbox 897 767 952 843; x_wconf 90' lang='lat' dir='ltr'>qui</span> <span class='ocrx_word' id='word_1_27' title='bbox 976 783 1078 826; x_wconf 89' lang='lat' dir='ltr'>unum</span> <span class='ocrx_word' id='word_1_28' title='bbox 1101 785 1139 826; x_wconf 86' lang='lat' dir='ltr'>ex</span> <span class='ocrx_word' id='word_1_29' title='bbox 1154 765 1200 827; x_wconf 93' lang='lat' dir='ltr'>IV</span> <span class='ocrx_word' id='word_1_30' title='bbox 1223 765 1390 843; x_wconf 87' lang='lat' dir='ltr'>evangeliis</span> <span class='ocrx_word' id='word_1_31' title='bbox 1406 765 1530 843; x_wconf 79' lang='lat' dir='ltr'>scripsit</span> 
     </span>
     <span class='ocr_line' id='line_1_5' title="bbox 251 872 1529 946; baseline -0.003 -12"><span class='ocrx_word' id='word_1_32' title='bbox 251 873 377 935; x_wconf 86' lang='lat' dir='ltr'>librum.</span> <span class='ocrx_word' id='word_1_33' title='bbox 416 872 594 934; x_wconf 90' lang='lat' dir='ltr'>Hrabanus.</span> <span class='ocrx_word' id='word_1_34' title='bbox 634 873 677 933; x_wconf 94' lang='lat' dir='ltr'>M.</span> <span class='ocrx_word' id='word_1_35' title='bbox 706 876 777 946; x_wconf 89' lang='lat'>110,</span> <span class='ocrx_word' id='word_1_36' title='bbox 804 876 877 934; x_wconf 89' lang='grc'><strong>231.</strong></span> <span class='ocrx_word' id='word_1_37' title='bbox 918 873 1083 934; x_wconf 63' lang='grc'><strong>(1142.</strong></span> <span class='ocrx_word' id='word_1_38' title='bbox 1133 921 1138 933; x_wconf 96' lang='grc'>.</span> <span class='ocrx_word' id='word_1_39' title='bbox 1188 921 1194 933; x_wconf 89' lang='grc'><strong>.</strong></span> <span class='ocrx_word' id='word_1_40' title='bbox 1244 921 1250 933; x_wconf 91' lang='grc'>.</span> <span class='ocrx_word' id='word_1_41' title='bbox 1300 921 1306 932; x_wconf 96' lang='grc'>.</span> <span class='ocrx_word' id='word_1_42' title='bbox 1356 919 1361 932; x_wconf 94' lang='grc'>.</span> <span class='ocrx_word' id='word_1_43' title='bbox 1412 920 1417 931; x_wconf 96' lang='grc'>.</span> <span class='ocrx_word' id='word_1_44' title='bbox 1489 875 1529 930; x_wconf 87' lang='grc'>28</span> 
     </span>
     <span class='ocr_line' id='line_1_6' title="bbox 341 977 1529 1059; baseline -0.002 -19"><span class='ocrx_word' id='word_1_45' title='bbox 341 981 456 1059; x_wconf 86' lang='lat' dir='ltr'>Magna</span> <span class='ocrx_word' id='word_1_46' title='bbox 478 985 526 1041; x_wconf 88' lang='lat' dir='ltr'>est</span> <span class='ocrx_word' id='word_1_47' title='bbox 548 977 705 1040; x_wconf 87' lang='lat' dir='ltr'>doctrinae</span> <span class='ocrx_word' id='word_1_48' title='bbox 727 977 865 1040; x_wconf 88' lang='lat' dir='ltr'>caelestis</span> <span class='ocrx_word' id='word_1_49' title='bbox 888 980 1064 1054; x_wconf 86' lang='lat' dir='ltr'>auctoritas,</span> <span class='ocrx_word' id='word_1_50' title='bbox 1088 979 1197 1040; x_wconf 80' lang='lat' dir='ltr'>iratres</span> <span class='ocrx_word' id='word_1_51' title='bbox 1220 979 1381 1052; x_wconf 82' lang='lat' dir='ltr'>carissimi,</span> <span class='ocrx_word' id='word_1_52' title='bbox 1406 999 1444 1038; x_wconf 87' lang='lat' dir='ltr'>ex</span> <span class='ocrx_word' id='word_1_53' title='bbox 1467 997 1529 1056; x_wconf 89' lang='lat' dir='ltr'>qua</span> 
     </span>
     <span class='ocr_line' id='line_1_7' title="bbox 251 1085 1527 1164; baseline -0.003 -16"><span class='ocrx_word' id='word_1_54' title='bbox 251 1086 359 1148; x_wconf 90' lang='lat' dir='ltr'>lumen</span> <span class='ocrx_word' id='word_1_55' title='bbox 383 1087 492 1148; x_wconf 89' lang='lat' dir='ltr'>salutis</span> <span class='ocrx_word' id='word_1_56' title='bbox 516 1090 657 1148; x_wconf 87' lang='lat' dir='ltr'>aeternae</span> <span class='ocrx_word' id='word_1_57' title='bbox 680 1085 843 1164; x_wconf 86' lang='lat' dir='ltr'>egreditur.</span> <span class='ocrx_word' id='word_1_58' title='bbox 883 1086 920 1148; x_wconf 88' lang='lat' dir='ltr'>G.</span> <span class='ocrx_word' id='word_1_59' title='bbox 947 1089 1010 1146; x_wconf 94' lang='grc'><strong>294</strong></span> <span class='ocrx_word' id='word_1_60' title='bbox 1078 1133 1417 1147; x_wconf 92' lang='lat'><strong>.......</strong></span> <span class='ocrx_word' id='word_1_61' title='bbox 1488 1088 1527 1145; x_wconf 88' lang='lat'>36</span> 
     </span>
     <span class='ocr_line' id='line_1_8' title="bbox 341 1192 1528 1272; baseline -0.002 -18"><span class='ocrx_word' id='word_1_62' title='bbox 341 1195 456 1272; x_wconf 88' lang='lat' dir='ltr'>Magna</span> <span class='ocrx_word' id='word_1_63' title='bbox 479 1192 653 1254; x_wconf 86' lang='lat' dir='ltr'>sollicitudo</span> <span class='ocrx_word' id='word_1_64' title='bbox 676 1198 706 1254; x_wconf 88' lang='lat' dir='ltr'>et</span> <span class='ocrx_word' id='word_1_65' title='bbox 729 1211 801 1254; x_wconf 88' lang='lat' dir='ltr'>cura</span> <span class='ocrx_word' id='word_1_66' title='bbox 831 1192 940 1254; x_wconf 89' lang='lat' dir='ltr'>salutis</span> <span class='ocrx_word' id='word_1_67' title='bbox 964 1198 1082 1254; x_wconf 89' lang='lat' dir='ltr'>vestrae</span> <span class='ocrx_word' id='word_1_68' title='bbox 1111 1213 1146 1254; x_wconf 87' lang='lat' dir='ltr'>ao</span> <span class='ocrx_word' id='word_1_69' title='bbox 1169 1193 1291 1255; x_wconf 85' lang='lat' dir='ltr'>devotio</span> <span class='ocrx_word' id='word_1_70' title='bbox 1322 1193 1528 1269; x_wconf 68' lang='grc'><strong>1111111111-</strong></span> 
     </span>
     <span class='ocr_line' id='line_1_9' title="bbox 250 1299 1524 1374; baseline -0.002 -14"><span class='ocrx_word' id='word_1_71' title='bbox 250 1300 349 1361; x_wconf 85' lang='lat' dir='ltr'>fectus</span> <span class='ocrx_word' id='word_1_72' title='bbox 372 1302 475 1362; x_wconf 86' lang='lat' dir='ltr'>vestri.</span> <span class='ocrx_word' id='word_1_73' title='bbox 514 1299 692 1361; x_wconf 87' lang='lat' dir='ltr'>Hrabanus.</span> <span class='ocrx_word' id='word_1_74' title='bbox 733 1300 776 1360; x_wconf 90' lang='lat' dir='ltr'>M.</span> <span class='ocrx_word' id='word_1_75' title='bbox 804 1303 877 1374; x_wconf 90' lang='lat'>110,</span> <span class='ocrx_word' id='word_1_76' title='bbox 903 1303 977 1360; x_wconf 80' lang='lat'><strong>374.</strong></span> <span class='ocrx_word' id='word_1_77' title='bbox 1017 1301 1055 1360; x_wconf 86' lang='lat' dir='ltr'>G.</span> <span class='ocrx_word' id='word_1_78' title='bbox 1083 1304 1144 1361; x_wconf 95' lang='grc'>194</span> <span class='ocrx_word' id='word_1_79' title='bbox 1183 1346 1412 1362; x_wconf 92' lang='grc'><strong>.....</strong></span> <span class='ocrx_word' id='word_1_80' title='bbox 1485 1303 1524 1359; x_wconf 88' lang='grc'>31</span> 
     </span>
     <span class='ocr_line' id='line_1_10' title="bbox 340 1405 1528 1485; baseline -0.001 -19"><span class='ocrx_word' id='word_1_81' title='bbox 340 1407 434 1468; x_wconf 92' lang='lat' dir='ltr'>Modo</span> <span class='ocrx_word' id='word_1_82' title='bbox 457 1426 529 1468; x_wconf 92' lang='lat' dir='ltr'>cum</span> <span class='ocrx_word' id='word_1_83' title='bbox 545 1406 713 1484; x_wconf 90' lang='lat' dir='ltr'>apostolica</span> <span class='ocrx_word' id='word_1_84' title='bbox 727 1406 818 1467; x_wconf 87' lang='lat' dir='ltr'>lectio</span> <span class='ocrx_word' id='word_1_85' title='bbox 841 1405 999 1485; x_wconf 87' lang='lat' dir='ltr'>legeretur,</span> <span class='ocrx_word' id='word_1_86' title='bbox 1024 1405 1145 1467; x_wconf 89' lang='lat' dir='ltr'>audivit</span> <span class='ocrx_word' id='word_1_87' title='bbox 1159 1405 1282 1470; x_wconf 90' lang='lat' dir='ltr'>dilectio</span> <span class='ocrx_word' id='word_1_88' title='bbox 1298 1410 1400 1466; x_wconf 86' lang='lat' dir='ltr'>vestra</span> <span class='ocrx_word' id='word_1_89' title='bbox 1419 1405 1528 1466; x_wconf 86' lang='lat' dir='ltr'>docen-</span> 
     </span>
     <span class='ocr_line' id='line_1_11' title="bbox 251 1513 1527 1592; baseline -0.002 -18"><span class='ocrx_word' id='word_1_90' title='bbox 251 1518 315 1574; x_wconf 91' lang='lat' dir='ltr'>tem</span> <span class='ocrx_word' id='word_1_91' title='bbox 337 1514 523 1592; x_wconf 88' lang='lat' dir='ltr'>apostolum.</span> <span class='ocrx_word' id='word_1_92' title='bbox 561 1513 655 1579; x_wconf 90' lang='lat' dir='ltr'>Beda.</span> <span class='ocrx_word' id='word_1_93' title='bbox 700 1514 734 1575; x_wconf 87' lang='lat' dir='ltr'>L.</span> <span class='ocrx_word' id='word_1_94' title='bbox 762 1517 813 1575; x_wconf 80' lang='lat'>75.</span> <span class='ocrx_word' id='word_1_95' title='bbox 852 1513 890 1574; x_wconf 98' lang='lat' dir='ltr'>G.</span> <span class='ocrx_word' id='word_1_96' title='bbox 916 1516 979 1574; x_wconf 89' lang='grc'>218</span> <span class='ocrx_word' id='word_1_97' title='bbox 1021 1561 1468 1574; x_wconf 89' lang='grc'>.........</span> <span class='ocrx_word' id='word_1_98' title='bbox 1488 1516 1527 1572; x_wconf 91' lang='grc'>32</span> 
     </span>
     <span class='ocr_line' id='line_1_12' title="bbox 341 1618 1529 1697; baseline -0.001 -16"><span class='ocrx_word' id='word_1_99' title='bbox 341 1619 443 1696; x_wconf 92' lang='lat' dir='ltr'>Modo,</span> <span class='ocrx_word' id='word_1_100' title='bbox 466 1621 575 1681; x_wconf 82' lang='lat' dir='ltr'>tratres</span> <span class='ocrx_word' id='word_1_101' title='bbox 599 1621 759 1694; x_wconf 83' lang='lat' dir='ltr'>carissimi,</span> <span class='ocrx_word' id='word_1_102' title='bbox 791 1619 970 1682; x_wconf 83' lang='lat' dir='ltr'>audivimus</span> <span class='ocrx_word' id='word_1_103' title='bbox 993 1620 1121 1681; x_wconf 91' lang='lat' dir='ltr'>beatum</span> <span class='ocrx_word' id='word_1_104' title='bbox 1144 1621 1270 1681; x_wconf 86' lang='lat' dir='ltr'>Petrum</span> <span class='ocrx_word' id='word_1_105' title='bbox 1288 1618 1465 1697; x_wconf 91' lang='lat' dir='ltr'>apostolum</span> <span class='ocrx_word' id='word_1_106' title='bbox 1489 1619 1529 1680; x_wconf 91' lang='lat' dir='ltr'>ad</span> 
     </span>
     <span class='ocr_line' id='line_1_13' title="bbox 250 1726 1526 1801; baseline -0.001 -15"><span class='ocrx_word' id='word_1_107' title='bbox 250 1726 460 1788; x_wconf 72' lang='lat' dir='ltr'>humilitatem</span> <span class='ocrx_word' id='word_1_108' title='bbox 476 1746 534 1788; x_wconf 91' lang='lat' dir='ltr'>nos</span> <span class='ocrx_word' id='word_1_109' title='bbox 550 1727 773 1788; x_wconf 88' lang='lat' dir='ltr'>cohortantem.</span> <span class='ocrx_word' id='word_1_110' title='bbox 807 1727 986 1788; x_wconf 90' lang='lat' dir='ltr'>Hrabanus.</span> <span class='ocrx_word' id='word_1_111' title='bbox 1023 1728 1066 1789; x_wconf 97' lang='lat' dir='ltr'>M.</span> <span class='ocrx_word' id='word_1_112' title='bbox 1087 1730 1158 1801; x_wconf 90' lang='lat'>110,</span> <span class='ocrx_word' id='word_1_113' title='bbox 1178 1730 1252 1788; x_wconf 92' lang='grc'><strong>324.</strong></span> <span class='ocrx_word' id='word_1_114' title='bbox 1288 1726 1325 1787; x_wconf 86' lang='lat' dir='ltr'>G.</span> <span class='ocrx_word' id='word_1_115' title='bbox 1354 1729 1414 1788; x_wconf 87' lang='lat'>163</span> <span class='ocrx_word' id='word_1_116' title='bbox 1486 1729 1526 1785; x_wconf 90' lang='grc'>29</span> 
     </span>
     <span class='ocr_line' id='line_1_14' title="bbox 339 1832 1528 1913; baseline 0 -20"><span class='ocrx_word' id='word_1_117' title='bbox 339 1834 526 1895; x_wconf 85' lang='grc' dir='ltr'><strong>Μο1111111</strong></span> <span class='ocrx_word' id='word_1_118' title='bbox 558 1837 588 1895; x_wconf 88' lang='lat' dir='ltr'>et</span> <span class='ocrx_word' id='word_1_119' title='bbox 610 1834 790 1895; x_wconf 84' lang='lat' dir='ltr'>exhortatur</span> <span class='ocrx_word' id='word_1_120' title='bbox 812 1834 980 1913; x_wconf 87' lang='lat' dir='ltr'>apostolus,</span> <span class='ocrx_word' id='word_1_121' title='bbox 1012 1835 1121 1896; x_wconf 84' lang='lat' dir='ltr'>iratres</span> <span class='ocrx_word' id='word_1_122' title='bbox 1153 1834 1314 1907; x_wconf 83' lang='lat' dir='ltr'>carissimi,</span> <span class='ocrx_word' id='word_1_123' title='bbox 1346 1832 1528 1894; x_wconf 86' lang='lat' dir='ltr'>mortificare</span> 
     </span>
     <span class='ocr_line' id='line_1_15' title="bbox 249 1939 1527 2019; baseline 0.001 -21"><span class='ocrx_word' id='word_1_124' title='bbox 249 1940 284 1998; x_wconf 90' lang='lat' dir='ltr'>in</span> <span class='ocrx_word' id='word_1_125' title='bbox 313 1939 547 2019; x_wconf 86' lang='lat' dir='ltr'>nobismetipsis</span> <span class='ocrx_word' id='word_1_126' title='bbox 574 1942 650 2002; x_wconf 91' lang='lat' dir='ltr'>vitia</span> <span class='ocrx_word' id='word_1_127' title='bbox 680 1945 711 2001; x_wconf 90' lang='lat' dir='ltr'>et</span> <span class='ocrx_word' id='word_1_128' title='bbox 740 1944 872 2018; x_wconf 88' lang='lat' dir='ltr'>peccata,</span> <span class='ocrx_word' id='word_1_129' title='bbox 904 1943 931 2002; x_wconf 94' lang='lat' dir='ltr'>si</span> <span class='ocrx_word' id='word_1_130' title='bbox 959 1941 1000 2002; x_wconf 89' lang='lat' dir='ltr'>ad</span> <span class='ocrx_word' id='word_1_131' title='bbox 1029 1945 1188 2002; x_wconf 78' lang='lat' dir='ltr'>aeternam</span> <span class='ocrx_word' id='word_1_132' title='bbox 1218 1941 1363 2018; x_wconf 90' lang='lat' dir='ltr'>cupimus</span> <span class='ocrx_word' id='word_1_133' title='bbox 1397 1939 1527 2018; x_wconf 86' lang='lat' dir='ltr'>gloriam</span> 
     </span>
     <span class='ocr_line' id='line_1_16' title="bbox 249 2048 1527 2124; baseline -0.002 -16"><span class='ocrx_word' id='word_1_134' title='bbox 249 2048 416 2124; x_wconf 88' lang='lat' dir='ltr'>pervenire.</span> <span class='ocrx_word' id='word_1_135' title='bbox 456 2049 490 2109; x_wconf 91' lang='lat' dir='ltr'>L.</span> <span class='ocrx_word' id='word_1_136' title='bbox 517 2051 568 2108; x_wconf 85' lang='lat'>86.</span> <span class='ocrx_word' id='word_1_137' title='bbox 611 2048 648 2110; x_wconf 89' lang='lat' dir='ltr'>G.</span> <span class='ocrx_word' id='word_1_138' title='bbox 674 2051 737 2109; x_wconf 90' lang='grc'>253</span> <span class='ocrx_word' id='word_1_139' title='bbox 798 2094 1414 2111; x_wconf 87' lang='lat'><strong>............</strong></span> <span class='ocrx_word' id='word_1_140' title='bbox 1486 2049 1527 2106; x_wconf 88' lang='lat'>34</span> 
     </span>
     <span class='ocr_line' id='line_1_17' title="bbox 244 2153 1527 2230; baseline 0.002 -17"><span class='ocrx_word' id='word_1_141' title='bbox 244 2178 247 2194; x_wconf 69' lang='lat'>¹</span> <span class='ocrx_word' id='word_1_142' title='bbox 338 2153 516 2215; x_wconf 87' lang='lat' dir='ltr'>Nativitatis</span> <span class='ocrx_word' id='word_1_143' title='bbox 533 2153 626 2228; x_wconf 91' lang='lat' dir='ltr'>diem,</span> <span class='ocrx_word' id='word_1_144' title='bbox 650 2155 760 2216; x_wconf 84' lang='lat' dir='ltr'>iratres</span> <span class='ocrx_word' id='word_1_145' title='bbox 776 2155 937 2230; x_wconf 90' lang='lat' dir='ltr'>carissimi,</span> <span class='ocrx_word' id='word_1_146' title='bbox 955 2155 1150 2216; x_wconf 87' lang='lat' dir='ltr'>beatissimae</span> <span class='ocrx_word' id='word_1_147' title='bbox 1172 2155 1317 2216; x_wconf 90' lang='lat' dir='ltr'>omnium</span> <span class='ocrx_word' id='word_1_148' title='bbox 1336 2154 1527 2217; x_wconf 83' lang='lat' dir='ltr'>feminarum</span> 
     </span>
    </p>
   </div>
   <div class='ocr_carea' id='block_1_3' title="bbox 1485 2263 1604 2320">
    <p class='ocr_par' dir='ltr' id='par_1_3' title="bbox 1485 2263 1604 2320">
     <span class='ocr_line' id='line_1_18' title="bbox 1485 2263 1604 2320; baseline 0 0"><span class='ocrx_word' id='word_1_149' title='bbox 1485 2263 1604 2320; x_wconf 88' lang='grc'>84·</span> 
     </span>
    </p>
   </div>
   <div class='ocr_carea' id='block_1_4' title="bbox 247 2366 1526 2875">
    <p class='ocr_par' dir='ltr' id='par_1_4' title="bbox 247 2366 1526 2875">
     <span class='ocr_line' id='line_1_19' title="bbox 338 2366 1526 2446; baseline 0.001 -20"><span class='ocrx_word' id='word_1_150' title='bbox 338 2366 550 2428; x_wconf 84' lang='lat' dir='ltr'>Necessarium</span> <span class='ocrx_word' id='word_1_151' title='bbox 573 2372 628 2441; x_wconf 90' lang='lat' dir='ltr'>est,</span> <span class='ocrx_word' id='word_1_152' title='bbox 653 2368 762 2428; x_wconf 85' lang='lat' dir='ltr'>tratres</span> <span class='ocrx_word' id='word_1_153' title='bbox 779 2369 940 2444; x_wconf 87' lang='lat' dir='ltr'>carissimi,</span> <span class='ocrx_word' id='word_1_154' title='bbox 965 2369 1145 2446; x_wconf 91' lang='lat' dir='ltr'>unicuique,</span> <span class='ocrx_word' id='word_1_155' title='bbox 1169 2369 1225 2446; x_wconf 94' lang='lat' dir='ltr'>qui</span> <span class='ocrx_word' id='word_1_156' title='bbox 1241 2367 1402 2428; x_wconf 87' lang='lat' dir='ltr'>desiderat.</span> <span class='ocrx_word' id='word_1_157' title='bbox 1434 2368 1526 2428; x_wconf 86' lang='lat' dir='ltr'>Boni·</span> 
     </span>
     <span class='ocr_line' id='line_1_20' title="bbox 247 2472 1523 2548; baseline 0.002 -14"><span class='ocrx_word' id='word_1_158' title='bbox 247 2472 352 2534; x_wconf 78' lang='lat' dir='ltr'>tatius.</span> <span class='ocrx_word' id='word_1_159' title='bbox 390 2475 431 2535; x_wconf 92' lang='lat' dir='ltr'>M.</span> <span class='ocrx_word' id='word_1_160' title='bbox 458 2477 509 2548; x_wconf 88' lang='grc'>89,</span> <span class='ocrx_word' id='word_1_161' title='bbox 537 2478 599 2535; x_wconf 89' lang='grc'><strong>843</strong></span> <span class='ocrx_word' id='word_1_162' title='bbox 626 2522 1411 2540; x_wconf 85' lang='grc'><strong><em>...............</em></strong></span> <span class='ocrx_word' id='word_1_163' title='bbox 1484 2478 1523 2536; x_wconf 92' lang='grc'>81</span> 
     </span>
     <span class='ocr_line' id='line_1_21' title="bbox 337 2579 1526 2660; baseline 0.002 -20"><span class='ocrx_word' id='word_1_164' title='bbox 337 2579 435 2641; x_wconf 86' lang='grc' dir='ltr'><strong>Νο111</strong></span> <span class='ocrx_word' id='word_1_165' title='bbox 450 2580 599 2642; x_wconf 85' lang='lat' dir='ltr'>debemus</span> <span class='ocrx_word' id='word_1_166' title='bbox 614 2586 645 2642; x_wconf 87' lang='grc'>11</span> <span class='ocrx_word' id='word_1_167' title='bbox 659 2583 816 2657; x_wconf 87' lang='lat' dir='ltr'>novimus,</span> <span class='ocrx_word' id='word_1_168' title='bbox 840 2583 949 2644; x_wconf 79' lang='lat' dir='ltr'>iratres</span> <span class='ocrx_word' id='word_1_169' title='bbox 965 2583 1125 2656; x_wconf 85' lang='lat' dir='ltr'>carissimi,</span> <span class='ocrx_word' id='word_1_170' title='bbox 1151 2581 1235 2660; x_wconf 91' lang='lat' dir='ltr'>quod</span> <span class='ocrx_word' id='word_1_171' title='bbox 1254 2580 1295 2643; x_wconf 89' lang='lat' dir='ltr'>ad</span> <span class='ocrx_word' id='word_1_172' title='bbox 1311 2601 1416 2642; x_wconf 89' lang='lat' dir='ltr'>veram</span> <span class='ocrx_word' id='word_1_173' title='bbox 1432 2601 1526 2642; x_wconf 91' lang='lat' dir='ltr'>nemo</span> 
     </span>
     <span class='ocr_line' id='line_1_22' title="bbox 248 2686 1523 2768; baseline 0.002 -22"><span class='ocrx_word' id='word_1_174' title='bbox 248 2691 350 2763; x_wconf 91' lang='lat' dir='ltr'>potest</span> <span class='ocrx_word' id='word_1_175' title='bbox 364 2686 592 2748; x_wconf 88' lang='lat' dir='ltr'>beatitudinem</span> <span class='ocrx_word' id='word_1_176' title='bbox 606 2691 766 2767; x_wconf 89' lang='lat' dir='ltr'>pervenire</span> <span class='ocrx_word' id='word_1_177' title='bbox 784 2691 847 2750; x_wconf 89' lang='lat' dir='ltr'>nisi</span> <span class='ocrx_word' id='word_1_178' title='bbox 862 2709 916 2768; x_wconf 90' lang='lat' dir='ltr'>per</span> <span class='ocrx_word' id='word_1_179' title='bbox 929 2689 1033 2751; x_wconf 91' lang='lat' dir='ltr'>fidem.</span> <span class='ocrx_word' id='word_1_180' title='bbox 1059 2690 1266 2767; x_wconf 86' lang='lat' dir='ltr'>Augustinus.</span> <span class='ocrx_word' id='word_1_181' title='bbox 1292 2689 1329 2750; x_wconf 89' lang='lat' dir='ltr'>G.</span> <span class='ocrx_word' id='word_1_182' title='bbox 1348 2692 1410 2749; x_wconf 89' lang='grc'>312</span> <span class='ocrx_word' id='word_1_183' title='bbox 1483 2693 1523 2749; x_wconf 81' lang='grc'>37</span> 
     </span>
     <span class='ocr_line' id='line_1_23' title="bbox 337 2793 1524 2875; baseline 0.002 -21"><span class='ocrx_word' id='word_1_184' title='bbox 337 2793 429 2855; x_wconf 89' lang='lat' dir='ltr'>Nunc</span> <span class='ocrx_word' id='word_1_185' title='bbox 452 2814 524 2855; x_wconf 89' lang='lat' dir='ltr'>cum</span> <span class='ocrx_word' id='word_1_186' title='bbox 548 2796 726 2874; x_wconf 87' lang='lat' dir='ltr'>prophetica</span> <span class='ocrx_word' id='word_1_187' title='bbox 755 2795 845 2860; x_wconf 90' lang='lat' dir='ltr'>lectio</span> <span class='ocrx_word' id='word_1_188' title='bbox 867 2796 1026 2875; x_wconf 83' lang='lat' dir='ltr'>legeretur,</span> <span class='ocrx_word' id='word_1_189' title='bbox 1058 2796 1200 2871; x_wconf 89' lang='lat' dir='ltr'>audistis,</span> <span class='ocrx_word' id='word_1_190' title='bbox 1230 2796 1339 2857; x_wconf 85' lang='lat' dir='ltr'>tratres</span> <span class='ocrx_word' id='word_1_191' title='bbox 1363 2796 1524 2871; x_wconf 86' lang='lat' dir='ltr'>carissimi,</span> 
     </span>
    </p>
   </div>
   <div class='ocr_carea' id='block_1_5' title="bbox 246 2900 1523 3302">
    <p class='ocr_par' dir='ltr' id='par_1_5' title="bbox 247 2900 1523 3074">
     <span class='ocr_line' id='line_1_24' title="bbox 247 2900 1523 2981; baseline 0.004 -22"><span class='ocrx_word' id='word_1_192' title='bbox 247 2900 471 2962; x_wconf 87' lang='lat' dir='ltr'>israheliticum</span> <span class='ocrx_word' id='word_1_193' title='bbox 494 2902 646 2981; x_wconf 89' lang='lat' dir='ltr'>populum</span> <span class='ocrx_word' id='word_1_194' title='bbox 669 2903 710 2964; x_wconf 84' lang='lat' dir='ltr'>ad</span> <span class='ocrx_word' id='word_1_195' title='bbox 731 2903 826 2964; x_wconf 90' lang='lat' dir='ltr'>fidem</span> <span class='ocrx_word' id='word_1_196' title='bbox 846 2905 1040 2967; x_wconf 87' lang='lat' dir='ltr'>incitantem.</span> <span class='ocrx_word' id='word_1_197' title='bbox 1076 2904 1254 2964; x_wconf 89' lang='lat' dir='ltr'>Hrabanus.</span> <span class='ocrx_word' id='word_1_198' title='bbox 1295 2904 1337 2964; x_wconf 89' lang='lat' dir='ltr'>M.</span> <span class='ocrx_word' id='word_1_199' title='bbox 1359 2906 1432 2978; x_wconf 91' lang='grc'><strong>110,</strong></span> <span class='ocrx_word' id='word_1_200' title='bbox 1451 2907 1523 2965; x_wconf 90' lang='lat'><strong>310.</strong></span> 
     </span>
     <span class='ocr_line' id='line_1_25' title="bbox 248 3006 1523 3074; baseline 0.002 -7"><span class='ocrx_word' id='word_1_201' title='bbox 248 3006 284 3067; x_wconf 85' lang='lat' dir='ltr'>G.</span> <span class='ocrx_word' id='word_1_202' title='bbox 314 3011 375 3068; x_wconf 87' lang='grc'>165</span> <span class='ocrx_word' id='word_1_203' title='bbox 405 3056 1411 3074; x_wconf 85' lang='grc'><strong>...................</strong></span> <span class='ocrx_word' id='word_1_204' title='bbox 1483 3014 1523 3070; x_wconf 89' lang='grc'>29</span> 
     </span>
    </p>

    <p class='ocr_par' dir='ltr' id='par_1_6' title="bbox 246 3114 1523 3302">
     <span class='ocr_line' id='line_1_26' title="bbox 336 3114 1523 3194; baseline 0.002 -19"><span class='ocrx_word' id='word_1_205' title='bbox 336 3114 574 3176; x_wconf 88' lang='lat' dir='ltr'>Observantiam</span> <span class='ocrx_word' id='word_1_206' title='bbox 596 3116 699 3178; x_wconf 88' lang='lat' dir='ltr'>cultus</span> <span class='ocrx_word' id='word_1_207' title='bbox 722 3117 797 3190; x_wconf 80' lang='lat' dir='ltr'>Dei,</span> <span class='ocrx_word' id='word_1_208' title='bbox 821 3117 930 3178; x_wconf 84' lang='lat' dir='ltr'>fratres</span> <span class='ocrx_word' id='word_1_209' title='bbox 954 3118 1114 3191; x_wconf 87' lang='lat' dir='ltr'>carissimi,</span> <span class='ocrx_word' id='word_1_210' title='bbox 1147 3118 1181 3176; x_wconf 93' lang='lat' dir='ltr'>in</span> <span class='ocrx_word' id='word_1_211' title='bbox 1212 3117 1369 3194; x_wconf 89' lang='lat' dir='ltr'>praesenti</span> <span class='ocrx_word' id='word_1_212' title='bbox 1391 3117 1523 3178; x_wconf 89' lang='lat' dir='ltr'>lectione</span> 
     </span>
     <span class='ocr_line' id='line_1_27' title="bbox 246 3219 1521 3302; baseline 0.004 -23"><span class='ocrx_word' id='word_1_213' title='bbox 246 3219 423 3298; x_wconf 70' lang='lat' dir='ltr'>apostiliea,</span> <span class='ocrx_word' id='word_1_214' title='bbox 447 3242 542 3300; x_wconf 92' lang='lat' dir='ltr'>quam</span> <span class='ocrx_word' id='word_1_215' title='bbox 565 3223 706 3286; x_wconf 88' lang='lat' dir='ltr'>audistis.</span> <span class='ocrx_word' id='word_1_216' title='bbox 745 3225 952 3302; x_wconf 84' lang='lat' dir='ltr'>Augustinus.</span> <span class='ocrx_word' id='word_1_217' title='bbox 988 3225 1022 3286; x_wconf 90' lang='lat' dir='ltr'><strong>L.</strong></span> <span class='ocrx_word' id='word_1_218' title='bbox 1049 3227 1131 3286; x_wconf 90' lang='grc'><strong>541.</strong></span> <span class='ocrx_word' id='word_1_219' title='bbox 1172 3225 1209 3286; x_wconf 87' lang='lat' dir='ltr'>G.</span> <span class='ocrx_word' id='word_1_220' title='bbox 1236 3228 1276 3285; x_wconf 89' lang='grc'>26</span> <span class='ocrx_word' id='word_1_221' title='bbox 1347 3272 1353 3286; x_wconf 94' lang='grc'><strong>.</strong></span> <span class='ocrx_word' id='word_1_222' title='bbox 1403 3273 1409 3286; x_wconf 92' lang='grc'><strong><em>.</em></strong></span> <span class='ocrx_word' id='word_1_223' title='bbox 1481 3229 1521 3284; x_wconf 91' lang='grc'>22</span> 
     </span>
    </p>
   </div>
   <div class='ocr_carea' id='block_1_6' title="bbox 335 3327 1522 3500">
    <p class='ocr_par' dir='ltr' id='par_1_7' title="bbox 335 3327 1522 3500">
     <span class='ocr_line' id='line_1_28' title="bbox 335 3327 1522 3407; baseline 0.005 -20"><span class='ocrx_word' id='word_1_224' title='bbox 335 3327 362 3387; x_wconf 91' lang='grc' dir='ltr'>Ο</span> <span class='ocrx_word' id='word_1_225' title='bbox 385 3327 490 3390; x_wconf 90' lang='lat' dir='ltr'>fideles</span> <span class='ocrx_word' id='word_1_226' title='bbox 514 3329 631 3407; x_wconf 90' lang='lat' dir='ltr'>populi,</span> <span class='ocrx_word' id='word_1_227' title='bbox 656 3332 711 3407; x_wconf 94' lang='lat' dir='ltr'>qui</span> <span class='ocrx_word' id='word_1_228' title='bbox 725 3330 833 3391; x_wconf 82' lang='lat' dir='ltr'>fratres</span> <span class='ocrx_word' id='word_1_229' title='bbox 849 3335 880 3391; x_wconf 89' lang='lat' dir='ltr'>et</span> <span class='ocrx_word' id='word_1_230' title='bbox 894 3349 1010 3392; x_wconf 86' lang='lat' dir='ltr'>sorores</span> <span class='ocrx_word' id='word_1_231' title='bbox 1027 3332 1061 3390; x_wconf 92' lang='lat' dir='ltr'>in</span> <span class='ocrx_word' id='word_1_232' title='bbox 1078 3331 1201 3392; x_wconf 83' lang='lat' dir='ltr'>Christo</span> <span class='ocrx_word' id='word_1_233' title='bbox 1217 3332 1381 3406; x_wconf 85' lang='lat' dir='ltr'>vocamini,</span> <span class='ocrx_word' id='word_1_234' title='bbox 1406 3330 1522 3393; x_wconf 90' lang='lat' dir='ltr'>audite.</span> 
     </span>
     <span class='ocr_line' id='line_1_29' title="bbox 1414 3442 1521 3500; baseline 0.009 -1"><span class='ocrx_word' id='word_1_235' title='bbox 1414 3455 1416 3460; x_wconf 89' lang='lat'>·</span> <span class='ocrx_word' id='word_1_236' title='bbox 1482 3442 1521 3500; x_wconf 86' lang='grc'>36</span> 
     </span>
    </p>
   </div>
   <div class='ocr_carea' id='block_1_7' title="bbox 242 3541 1523 4910">
    <p class='ocr_par' dir='ltr' id='par_1_8' title="bbox 242 3541 1523 4910">
     <span class='ocr_line' id='line_1_30' title="bbox 335 3541 1523 3623; baseline 0.005 -23"><span class='ocrx_word' id='word_1_237' title='bbox 335 3541 451 3602; x_wconf 89' lang='lat' dir='ltr'>Omnia</span> <span class='ocrx_word' id='word_1_238' title='bbox 472 3543 567 3620; x_wconf 90' lang='lat' dir='ltr'>igitur</span> <span class='ocrx_word' id='word_1_239' title='bbox 590 3548 751 3622; x_wconf 87' lang='lat' dir='ltr'>praecepta</span> <span class='ocrx_word' id='word_1_240' title='bbox 773 3547 883 3605; x_wconf 88' lang='lat' dir='ltr'>veteris</span> <span class='ocrx_word' id='word_1_241' title='bbox 906 3544 982 3623; x_wconf 87' lang='lat' dir='ltr'>legis</span> <span class='ocrx_word' id='word_1_242' title='bbox 1004 3544 1168 3623; x_wconf 88' lang='lat' dir='ltr'>diligenter</span> <span class='ocrx_word' id='word_1_243' title='bbox 1197 3543 1325 3622; x_wconf 89' lang='lat' dir='ltr'>quidem</span> <span class='ocrx_word' id='word_1_244' title='bbox 1356 3544 1523 3607; x_wconf 89' lang='lat' dir='ltr'>scrutanda</span> 
     </span>
     <span class='ocr_line' id='line_1_31' title="bbox 245 3649 1521 3728; baseline 0.005 -19"><span class='ocrx_word' id='word_1_245' title='bbox 245 3653 329 3724; x_wconf 86' lang='lat' dir='ltr'>sunt.</span> <span class='ocrx_word' id='word_1_246' title='bbox 368 3649 591 3728; x_wconf 89' lang='lat' dir='ltr'>Hieronymus.</span> <span class='ocrx_word' id='word_1_247' title='bbox 631 3651 669 3713; x_wconf 88' lang='lat' dir='ltr'><strong>G.</strong></span> <span class='ocrx_word' id='word_1_248' title='bbox 695 3655 734 3711; x_wconf 81' lang='grc'>71</span> <span class='ocrx_word' id='word_1_249' title='bbox 791 3701 796 3712; x_wconf 95' lang='grc'><em>.</em></span> <span class='ocrx_word' id='word_1_250' title='bbox 847 3700 852 3712; x_wconf 96' lang='grc'>.</span> <span class='ocrx_word' id='word_1_251' title='bbox 902 3700 912 3721; x_wconf 57' lang='grc'>.,</span> <span class='ocrx_word' id='word_1_252' title='bbox 958 3699 1408 3713; x_wconf 91' lang='lat'><strong>.........</strong></span> <span class='ocrx_word' id='word_1_253' title='bbox 1480 3656 1521 3714; x_wconf 92' lang='grc'>25</span> 
     </span>
     <span class='ocr_line' id='line_1_32' title="bbox 334 3756 1522 3834; baseline 0.003 -18"><span class='ocrx_word' id='word_1_254' title='bbox 334 3756 431 3817; x_wconf 92' lang='lat' dir='ltr'>Omni</span> <span class='ocrx_word' id='word_1_255' title='bbox 454 3756 617 3820; x_wconf 89' lang='lat' dir='ltr'>devotione</span> <span class='ocrx_word' id='word_1_256' title='bbox 648 3762 678 3818; x_wconf 86' lang='lat' dir='ltr'>et</span> <span class='ocrx_word' id='word_1_257' title='bbox 701 3757 917 3832; x_wconf 88' lang='lat' dir='ltr'>sollicitudine,</span> <span class='ocrx_word' id='word_1_258' title='bbox 942 3758 1050 3819; x_wconf 86' lang='lat' dir='ltr'>iratres</span> <span class='ocrx_word' id='word_1_259' title='bbox 1074 3760 1235 3834; x_wconf 89' lang='lat' dir='ltr'>carissimi,</span> <span class='ocrx_word' id='word_1_260' title='bbox 1266 3759 1359 3820; x_wconf 90' lang='lat' dir='ltr'>verba</span> <span class='ocrx_word' id='word_1_261' title='bbox 1381 3760 1522 3820; x_wconf 86' lang='lat' dir='ltr'>lectionis</span> 
     </span>
     <span class='ocr_line' id='line_1_33' title="bbox 244 3863 1519 3944; baseline 0.004 -21"><span class='ocrx_word' id='word_1_262' title='bbox 244 3882 340 3939; x_wconf 90' lang='lat' dir='ltr'>quam</span> <span class='ocrx_word' id='word_1_263' title='bbox 363 3863 495 3926; x_wconf 90' lang='lat' dir='ltr'>audistis</span> <span class='ocrx_word' id='word_1_264' title='bbox 518 3870 638 3944; x_wconf 89' lang='lat' dir='ltr'>oportet</span> <span class='ocrx_word' id='word_1_265' title='bbox 660 3865 835 3928; x_wconf 88' lang='lat' dir='ltr'>adtendere.</span> <span class='ocrx_word' id='word_1_266' title='bbox 874 3867 1072 3944; x_wconf 83' lang='lat' dir='ltr'>Augustinus</span> <span class='ocrx_word' id='word_1_267' title='bbox 1121 3914 1405 3932; x_wconf 88' lang='grc'><strong>......</strong></span> <span class='ocrx_word' id='word_1_268' title='bbox 1479 3869 1519 3928; x_wconf 89' lang='grc'>35</span> 
     </span>
     <span class='ocr_line' id='line_1_34' title="bbox 333 3971 1520 4052; baseline 0.003 -20"><span class='ocrx_word' id='word_1_269' title='bbox 333 3971 429 4032; x_wconf 90' lang='lat' dir='ltr'>Omni</span> <span class='ocrx_word' id='word_1_270' title='bbox 452 3971 580 4050; x_wconf 87' lang='lat' dir='ltr'>quidem</span> <span class='ocrx_word' id='word_1_271' title='bbox 601 3973 734 4050; x_wconf 85' lang='lat' dir='ltr'>tempori</span> <span class='ocrx_word' id='word_1_272' title='bbox 757 3977 866 4051; x_wconf 91' lang='lat' dir='ltr'>aptum</span> <span class='ocrx_word' id='word_1_273' title='bbox 890 3978 936 4034; x_wconf 88' lang='lat' dir='ltr'>est</span> <span class='ocrx_word' id='word_1_274' title='bbox 958 3977 1144 4034; x_wconf 87' lang='lat' dir='ltr'>testamento</span> <span class='ocrx_word' id='word_1_275' title='bbox 1168 3976 1262 4038; x_wconf 87' lang='lat' dir='ltr'>veteri</span> <span class='ocrx_word' id='word_1_276' title='bbox 1285 3993 1427 4052; x_wconf 87' lang='lat' dir='ltr'>novoque</span> <span class='ocrx_word' id='word_1_277' title='bbox 1451 3994 1520 4035; x_wconf 88' lang='lat' dir='ltr'>con-</span> 
     </span>
     <span class='ocr_line' id='line_1_35' title="bbox 243 4079 1520 4158; baseline 0.004 -21"><span class='ocrx_word' id='word_1_278' title='bbox 243 4079 381 4152; x_wconf 84' lang='lat' dir='ltr'>veniens,</span> <span class='ocrx_word' id='word_1_279' title='bbox 405 4083 442 4139; x_wconf 89' lang='lat' dir='ltr'>ut</span> <span class='ocrx_word' id='word_1_280' title='bbox 464 4099 518 4157; x_wconf 89' lang='lat' dir='ltr'>per</span> <span class='ocrx_word' id='word_1_281' title='bbox 540 4082 783 4158; x_wconf 82' lang='lat' dir='ltr'>castigationem.</span> <span class='ocrx_word' id='word_1_282' title='bbox 822 4081 906 4141; x_wconf 81' lang='lat' dir='ltr'>Leo‘?</span> <span class='ocrx_word' id='word_1_283' title='bbox 942 4080 1004 4141; x_wconf 82' lang='lat' dir='ltr'>Cir.</span> <span class='ocrx_word' id='word_1_284' title='bbox 1030 4082 1072 4142; x_wconf 90' lang='lat' dir='ltr'>M.</span> <span class='ocrx_word' id='word_1_285' title='bbox 1099 4084 1150 4155; x_wconf 88' lang='lat'>54,</span> <span class='ocrx_word' id='word_1_286' title='bbox 1176 4085 1250 4142; x_wconf 81' lang='lat'><strong>447.</strong></span> <span class='ocrx_word' id='word_1_287' title='bbox 1290 4081 1327 4143; x_wconf 86' lang='lat' dir='ltr'>G.</span> <span class='ocrx_word' id='word_1_288' title='bbox 1345 4085 1407 4142; x_wconf 88' lang='grc'>231</span> <span class='ocrx_word' id='word_1_289' title='bbox 1480 4086 1520 4142; x_wconf 91' lang='grc'>32</span> 
     </span>
     <span class='ocr_line' id='line_1_36' title="bbox 333 4184 1520 4267; baseline 0.005 -23"><span class='ocrx_word' id='word_1_290' title='bbox 333 4184 454 4259; x_wconf 90' lang='lat' dir='ltr'>Omnis,</span> <span class='ocrx_word' id='word_1_291' title='bbox 479 4185 682 4261; x_wconf 88' lang='lat' dir='ltr'>dilectissimi,</span> <span class='ocrx_word' id='word_1_292' title='bbox 706 4185 885 4247; x_wconf 90' lang='lat' dir='ltr'>divinorum</span> <span class='ocrx_word' id='word_1_293' title='bbox 909 4187 1041 4248; x_wconf 88' lang='lat' dir='ltr'>eruditio</span> <span class='ocrx_word' id='word_1_294' title='bbox 1057 4193 1290 4267; x_wconf 88' lang='lat' dir='ltr'>praeceptorum</span> <span class='ocrx_word' id='word_1_295' title='bbox 1308 4189 1368 4249; x_wconf 91' lang='lat' dir='ltr'>hoc</span> <span class='ocrx_word' id='word_1_296' title='bbox 1383 4191 1520 4250; x_wconf 82' lang='lat' dir='ltr'>maxime</span> 
     </span>
     <span class='ocr_line' id='line_1_37' title="bbox 243 4287 1518 4370; baseline 0.005 -21"><span class='ocrx_word' id='word_1_297' title='bbox 243 4290 308 4367; x_wconf 86' lang='lat' dir='ltr'>agit</span> <span class='ocrx_word' id='word_1_298' title='bbox 329 4290 415 4368; x_wconf 90' lang='lat' dir='ltr'>apud</span> <span class='ocrx_word' id='word_1_299' title='bbox 436 4291 528 4352; x_wconf 89' lang='lat' dir='ltr'>corda</span> <span class='ocrx_word' id='word_1_300' title='bbox 551 4287 753 4354; x_wconf 86' lang='lat' dir='ltr'>credentium.</span> <span class='ocrx_word' id='word_1_301' title='bbox 789 4294 873 4354; x_wconf 76' lang='lat' dir='ltr'>Leo?</span> <span class='ocrx_word' id='word_1_302' title='bbox 908 4295 949 4356; x_wconf 92' lang='lat' dir='ltr'>M.</span> <span class='ocrx_word' id='word_1_303' title='bbox 976 4299 1028 4370; x_wconf 87' lang='lat'>54,</span> <span class='ocrx_word' id='word_1_304' title='bbox 1053 4297 1127 4357; x_wconf 85' lang='lat'><strong>456.</strong></span> <span class='ocrx_word' id='word_1_305' title='bbox 1166 4297 1204 4356; x_wconf 89' lang='lat' dir='ltr'>G.</span> <span class='ocrx_word' id='word_1_306' title='bbox 1230 4299 1293 4356; x_wconf 89' lang='grc'>228</span> <span class='ocrx_word' id='word_1_307' title='bbox 1342 4344 1349 4357; x_wconf 83' lang='grc'><strong>,</strong></span> <span class='ocrx_word' id='word_1_308' title='bbox 1397 4343 1403 4357; x_wconf 90' lang='grc'><strong>.</strong></span> <span class='ocrx_word' id='word_1_309' title='bbox 1478 4299 1518 4358; x_wconf 90' lang='grc'>32</span> 
     </span>
     <span class='ocr_line' id='line_1_38' title="bbox 332 4397 1517 4481; baseline 0.006 -24"><span class='ocrx_word' id='word_1_310' title='bbox 332 4397 445 4458; x_wconf 91' lang='lat' dir='ltr'>Omnis</span> <span class='ocrx_word' id='word_1_311' title='bbox 468 4400 620 4476; x_wconf 89' lang='lat' dir='ltr'>scriptura</span> <span class='ocrx_word' id='word_1_312' title='bbox 641 4400 758 4475; x_wconf 89' lang='lat' dir='ltr'>divina,</span> <span class='ocrx_word' id='word_1_313' title='bbox 782 4400 890 4463; x_wconf 84' lang='lat' dir='ltr'>iratres</span> <span class='ocrx_word' id='word_1_314' title='bbox 914 4403 1074 4476; x_wconf 91' lang='lat' dir='ltr'>carissimi,</span> <span class='ocrx_word' id='word_1_315' title='bbox 1099 4402 1185 4465; x_wconf 89' lang='lat' dir='ltr'>utilis</span> <span class='ocrx_word' id='word_1_316' title='bbox 1208 4408 1254 4464; x_wconf 89' lang='lat' dir='ltr'>est</span> <span class='ocrx_word' id='word_1_317' title='bbox 1273 4403 1314 4465; x_wconf 92' lang='lat' dir='ltr'>ad</span> <span class='ocrx_word' id='word_1_318' title='bbox 1340 4402 1517 4481; x_wconf 89' lang='lat' dir='ltr'>legendum,</span> 
     </span>
     <span class='ocr_line' id='line_1_39' title="bbox 243 4503 1519 4590; baseline 0.007 -26"><span class='ocrx_word' id='word_1_319' title='bbox 243 4503 375 4565; x_wconf 90' lang='lat' dir='ltr'>salubris</span> <span class='ocrx_word' id='word_1_320' title='bbox 398 4504 439 4565; x_wconf 89' lang='lat' dir='ltr'>ad</span> <span class='ocrx_word' id='word_1_321' title='bbox 461 4506 667 4582; x_wconf 88' lang='lat' dir='ltr'>tractandum,</span> <span class='ocrx_word' id='word_1_322' title='bbox 693 4509 790 4570; x_wconf 92' lang='lat' dir='ltr'>immo</span> <span class='ocrx_word' id='word_1_323' title='bbox 814 4511 990 4569; x_wconf 87' lang='lat' dir='ltr'>maximum</span> <span class='ocrx_word' id='word_1_324' title='bbox 1005 4509 1125 4571; x_wconf 82' lang='lat' dir='ltr'>boumn</span> <span class='ocrx_word' id='word_1_325' title='bbox 1148 4515 1179 4572; x_wconf 88' lang='lat' dir='ltr'>et</span> <span class='ocrx_word' id='word_1_326' title='bbox 1196 4515 1340 4572; x_wconf 88' lang='lat' dir='ltr'>aeternus</span> <span class='ocrx_word' id='word_1_327' title='bbox 1364 4512 1519 4590; x_wconf 84' lang='lat' dir='ltr'>profectus</span> 
     </span>
     <span class='ocr_line' id='line_1_40' title="bbox 242 4613 1519 4681; baseline 0.006 -9"><span class='ocrx_word' id='word_1_328' title='bbox 242 4617 298 4674; x_wconf 88' lang='lat' dir='ltr'>est.</span> <span class='ocrx_word' id='word_1_329' title='bbox 337 4613 371 4674; x_wconf 91' lang='lat' dir='ltr'>L.</span> <span class='ocrx_word' id='word_1_330' title='bbox 397 4617 449 4674; x_wconf 91' lang='grc'>43.</span> <span class='ocrx_word' id='word_1_331' title='bbox 490 4613 527 4676; x_wconf 91' lang='lat' dir='ltr'>G.</span> <span class='ocrx_word' id='word_1_332' title='bbox 554 4617 617 4674; x_wconf 91' lang='grc'>264</span> <span class='ocrx_word' id='word_1_333' title='bbox 675 4663 1406 4680; x_wconf 90' lang='lat'><strong>..............</strong></span> <span class='ocrx_word' id='word_1_334' title='bbox 1478 4624 1519 4681; x_wconf 88' lang='grc'>34</span> 
     </span>
     <span class='ocr_line' id='line_1_41' title="bbox 332 4721 1519 4805; baseline 0.007 -24"><span class='ocrx_word' id='word_1_335' title='bbox 332 4721 485 4781; x_wconf 90' lang='lat' dir='ltr'>Omnium</span> <span class='ocrx_word' id='word_1_336' title='bbox 514 4721 712 4782; x_wconf 86' lang='lat' dir='ltr'>eeclesiarum</span> <span class='ocrx_word' id='word_1_337' title='bbox 741 4724 799 4783; x_wconf 88' lang='lat' dir='ltr'>iste</span> <span class='ocrx_word' id='word_1_338' title='bbox 830 4742 1000 4785; x_wconf 89' lang='lat' dir='ltr'>consensus</span> <span class='ocrx_word' id='word_1_339' title='bbox 1032 4729 1088 4798; x_wconf 88' lang='grc'><strong>111,</strong></span> <span class='ocrx_word' id='word_1_340' title='bbox 1119 4730 1155 4786; x_wconf 88' lang='lat' dir='ltr'>ut</span> <span class='ocrx_word' id='word_1_341' title='bbox 1185 4726 1244 4787; x_wconf 91' lang='lat' dir='ltr'>sub</span> <span class='ocrx_word' id='word_1_342' title='bbox 1271 4746 1404 4805; x_wconf 88' lang='lat' dir='ltr'>persona</span> <span class='ocrx_word' id='word_1_343' title='bbox 1426 4730 1519 4789; x_wconf 87' lang='lat' dir='ltr'>Here-</span> 
     </span>
     <span class='ocr_line' id='line_1_42' title="bbox 242 4827 1518 4910; baseline 0.007 -23"><span class='ocrx_word' id='word_1_344' title='bbox 242 4829 323 4888; x_wconf 88' lang='lat' dir='ltr'>miae</span> <span class='ocrx_word' id='word_1_345' title='bbox 345 4847 363 4888; x_wconf 90' lang='lat' dir='ltr'>a</span> <span class='ocrx_word' id='word_1_346' title='bbox 387 4827 510 4889; x_wconf 85' lang='lat' dir='ltr'>Christo</span> <span class='ocrx_word' id='word_1_347' title='bbox 532 4829 608 4890; x_wconf 88' lang='lat' dir='ltr'>haec</span> <span class='ocrx_word' id='word_1_348' title='bbox 631 4828 692 4891; x_wconf 90' lang='lat' dir='ltr'>dici</span> <span class='ocrx_word' id='word_1_349' title='bbox 715 4829 899 4908; x_wconf 88' lang='lat' dir='ltr'>intelligant.</span> <span class='ocrx_word' id='word_1_350' title='bbox 939 4832 1162 4910; x_wconf 88' lang='lat' dir='ltr'>Hieronymus.</span> <span class='ocrx_word' id='word_1_351' title='bbox 1196 4835 1238 4894; x_wconf 93' lang='lat' dir='ltr'>M.</span> <span class='ocrx_word' id='word_1_352' title='bbox 1265 4839 1316 4909; x_wconf 91' lang='grc'><strong>24,</strong></span> <span class='ocrx_word' id='word_1_353' title='bbox 1344 4837 1414 4896; x_wconf 81' lang='grc'>756</span> <span class='ocrx_word' id='word_1_354' title='bbox 1478 4840 1518 4896; x_wconf 91' lang='grc'>26</span> 
     </span>
    </p>
   </div>
   <div class='ocr_carea' id='block_1_8' title="bbox 0 0 1816 5556">
    <p class='ocr_par' dir='ltr' id='par_1_9' title="bbox 0 0 1816 5556">
     <span class='ocr_line' id='line_1_43' title="bbox 0 0 1816 5556; baseline 0 4"><span class='ocrx_word' id='word_1_355' title='bbox 0 0 1816 5556; x_wconf 95' lang='lat' dir='ltr'> </span> 
     </span>
    </p>
   </div>
  </div>
 </body>
</html>
