3630 5568
306 385 348 448 36
697 400 733 452 Π.
753 399 805 454 Die
823 400 980 468 Ikeisinger
998 401 1185 455 Handsohriit.

413 598 532 665 Divina
562 599 667 679 pietas
699 603 861 680 martyres
892 599 976 664 idem
1000 604 1103 664 testes
1136 619 1210 666 suos
1233 621 1291 681 per
1314 601 1514 666 Salomonem
1537 601 1585 666 ita

307 707 500 772 consolatur.

413 828 455 889 90
464 819 480 886 '.
506 826 633 908 Spdierc
646 825 773 904 schrift,
788 825 902 888 andere
920 825 1015 888 Trete.
1038 822 1118 888 Cum
1128 843 1186 903 per
1197 822 1272 887 fidei
1288 822 1356 903 spei
1368 823 1586 904 karitatisque

306 931 469 1001 vinculum
484 929 552 994 eius
567 927 721 993 ineffabili
738 928 871 1010 pignore
888 948 1006 1009 sponsa
1023 928 1153 994 Christi.
1189 933 1256 1015 Vpl.
1270 941 1363 996 antea
1379 933 1411 997 S.
1428 934 1468 996 41
1480 933 1505 1014 f.
1521 935 1587 997 arrd

307 1042 443 1124 Ankonp
467 1039 543 1102 Dec.
562 1039 622 1103 IV.

736 1260 842 1324 XIV.
867 1262 991 1341 Lapa,
1015 1261 1041 1325 8
1065 1263 1146 1327 Blt.

415 1425 462 1486 91.
511 1419 585 1484 Η11
607 1437 710 1498 usque
733 1420 808 1484 aba
831 1422 886 1483 der
910 1422 1012 1500 Zeile;
1037 1422 1119 1504 folpt
1141 1424 1190 1486 ein
1213 1424 1394 1505 Fropmcnt:

310 1533 344 1592 et
361 1527 518 1591 vtradetur
533 1525 649 1605 impius
663 1544 721 1605 pro
742 1544 794 1603 eo;
820 1531 947 1606 martyr
970 1526 1105 1606 quisque
1124 1532 1257 1608 propter
1272 1528 1366 1592 deum
1382 1528 1423 1592 de
1439 1528 1590 1610 angustia

309 1634 467 1699 liberatus
492 1637 543 1697 est
566 1631 733 1712 passionis.

415 1749 509 1815 Item
541 1748 582 1812 ut
615 1765 735 1830 supro.
759 1746 919 1812 LXIIII.
970 1748 1082 1813 Lectio
1116 1749 1190 1813 libri
1213 1749 1287 1830 Sap.
1319 1749 1446 1831 Lingua
1470 1749 1591 1831 sapien·

310 1857 391 1922 tium
415 1862 510 1920 ornat
534 1855 710 1920 scientiam.
758 1858 851 1921 Pron.
872 1860 922 1932 15,
941 1860 971 1920 2.
1401 1911 1404 1914 .

416 1964 466 2028 De
499 1962 646 2027 doctrina
689 1962 848 2026 iustorum
888 1967 922 2026 et
960 1961 1129 2043 impiorum
1172 1963 1309 2030 audistis
1352 1963 1385 2029 in
1428 1964 1593 2045 praesenti

309 2071 456 2147 lectione,
481 2069 603 2134 fratres
627 2068 799 2146 karissimi,
826 2069 1036 2134 Salomonem.

417 2190 455 2250 91
467 2181 483 2249 '.
509 2182 670 2249 LXIIII.
693 2183 787 2248 Item
800 2183 891 2249 unde
908 2202 1026 2266 supra.
1053 2185 1165 2250 Lectio
1181 2205 1228 2266 ep.
1242 2187 1272 2251 b.
1286 2186 1387 2251 Petri.
1412 2186 1592 2264 Rarissimi,

310 2291 500 2357 benedictus
523 2292 603 2355 deus
628 2294 662 2354 et
684 2295 779 2370 pater
802 2290 920 2355 domini
943 2291 1055 2355 nostri.
1105 2297 1122 2357 l
1138 2295 1222 2358 Pctr.
1239 2299 1267 2370 1,
1285 2297 1315 2358 3.

418 2399 483 2462 Per
506 2403 618 2461 tantas
642 2396 761 2478 glorias
785 2402 971 2463 sanctorum
1005 2403 1195 2480 martyrum,
1229 2399 1345 2479 quibus
1368 2419 1453 2464 nuuc
1483 2399 1595 2480 utique

311 2505 407 2570 floret
435 2503 577 2568 ecelesia.

418 2616 461 2677 92
470 2607 488 2675 ‘.
513 2609 768 2691 LXV.(Rosur)
792 2610 836 2676 In
853 2610 973 2676 natale
991 2611 1199 2676 sanatorum
1223 2611 1460 2677 sacerdotum.
1483 2611 1595 2677 Lectio

313 2719 388 2784 libri
411 2718 484 2798 Sap.
506 2717 592 2782 'Ecce
617 2717 767 2782 sacerdos
790 2737 936 2798 magnus
962 2717 1070 2796 quiin
1095 2718 1207 2784 diebus
1231 2719 1307 2784 3113.
1345 2723 1594 2797 8111114121).

421 2824 576 2907 Quamvis
599 2824 695 2889 lectio
718 2824 783 2889 ista
807 2843 903 2903 quam
927 2844 1012 2888 nuuc
1035 2825 1182 2902 audistin,
1217 2824 1338 2890 fratres
1360 2825 1532 2904 karissimi,
1558 2826 1597 2890 de

314 2933 419 3013 aliquo
444 2938 573 2996 terreno
598 2931 766 2996 sacerdote
787 2937 820 2995 et
844 2930 1027 2996 confessore
1046 2932 1167 2996 Christi
1190 2932 1330 2998 recitata
1345 2933 1505 2998 videatur.
1537 2938 1599 2998 Am

315 3043 428 3105 Ranae
451 3037 665 3119 Augustinus.

422 3160 472 3220 93.
521 3152 648 3219 LXVI.
672 3154 767 3219 Item
797 3153 837 3217 ut
869 3170 988 3234 supra.
1038 3153 1150 3218 Lectio
1177 3173 1224 3234 ep.
1252 3155 1282 3217 b.
1308 3154 1402 3220 Pauli
1428 3161 1531 3235 apost.
1559 3155 1599 3218 ad

316 3262 493 3326 Hebraeos.
530 3261 678 3338 Fratres,
709 3260 818 3342 plures
847 3258 927 3324 faeti
960 3265 1036 3326 suut
1067 3260 1254 3325 sacerdotes
1289 3261 1463 3326 secundum
1485 3261 1599 3342 legem.

318 3372 550 3447 Heer.17,23.

424 3476 544 3557 Magna
561 3478 612 3539 est
628 3473 793 3538 doctrinae
808 3473 958 3538 caelestis
969 3473 1158 3551 auotoritas
1173 3472 1295 3538 fratres
1305 3473 1476 3552 karissimi,
1490 3493 1529 3538 ex
1539 3493 1602 3554 qua

316 3584 424 3649 iumen
448 3581 563 3646 salutis
587 3586 742 3645 aeternae
766 3580 939 3662 egreditur.
991 3584 1053 3646 Am
1078 3584 1190 3648 Raude
1213 3580 1440 3661 Hieronymus

424 3697 512 3764 93'1.
562 3696 699 3778 Incipit
735 3695 934 3760 admonitio
967 3695 1131 3761 eiusdem
1165 3713 1230 3777 per
1266 3714 1370 3775 quam
1400 3695 1604 3761 ostenditur

319 3805 491 3885 quantum
514 3803 599 3868 boni
622 3802 672 3868 sit
687 3801 837 3868 lectioni
861 3802 1044 3868 insistere.
1080 3803 1269 3867 Lectionem
1291 3802 1432 3869 1111111111
1448 3808 1604 3883 quantum

318 3911 393 3975 boni
413 3910 457 3974 sit
472 3909 614 3991 diligere,
641 3914 674 3973 et
698 3913 854 3989 quantum
878 3909 954 3973 mali
970 3910 1013 3975 sit
1031 3912 1073 3974 ab
1089 3910 1174 3975 illius
1192 3908 1309 3974 notitia
1322 3910 1376 3976 vel
1398 3909 1605 3990 inquisitione

317 4017 476 4083 desistere
500 4016 639 4099 propitio
665 4015 794 4081 Christo
820 4017 998 4080 ostendam.

323 4251 449 4311 semper
474 4231 619 4311 excipite,
645 4235 683 4295 ut
706 4229 798 4295 nobis
823 4230 968 4310 spiritale
991 4230 1152 4311 gaudium.

426 4352 467 4413 94
479 4343 494 4409 ‘.
546 4345 680 4412 omelia
702 4346 744 4411 de
766 4346 1011 4428 inpretatione
1029 4348 1118 4426 (sicr)
1151 4345 1334 4411 nominum
1351 4345 1607 4428 apostolorum.

323 4453 514 4518 Sanctorum
531 4454 748 4533 apostolorum
765 4453 893 4517 nomina
909 4472 1044 4534 quorum
1060 4453 1280 4534 predicatione
1298 4457 1331 4517 et
1347 4453 1493 4517 doctrina
1507 4452 1608 4517 omnis

320 4579 379 4640 per
414 4561 523 4623 orbem
549 4558 670 4624 fideles
721 4561 854 4627 Erclorc
885 4564 957 4626 sind
988 4564 1040 4626 dic
1067 4563 1187 4627 Nomen
1217 4584 1276 4626 oon
1304 4563 1424 4638 Petrus,
1454 4563 1607 4637 Andreae,

323 4668 469 4744 Jocodus,
495 4667 662 4744 ¹iohannes,
693 4669 838 4744 1111111111,
863 4669 1008 4745 Jacobus,
1033 4669 1208 4752 Philippus,
1235 4668 1501 4736 Bartholomaeus.

428 4877 438 4908 ¹
456 4879 508 4931 Am
526 4879 634 4932 Raude:
654 4875 726 4930 Item
744 4876 866 4945 defectas
884 4894 962 4945 poem
997 4878 1120 4931 Invenire
1137 4895 1193 4932 aon
1207 4894 1361 4946 poseamus.
