3624 5556
321 400 383 463 132
869 411 1045 464 Documenta.

409 592 493 652 Cena
522 590 644 651 domini
674 594 704 651 et
734 589 894 652 salvatoris
925 590 1034 663 nostri,
1064 590 1174 650 fratres
1205 591 1367 664 carissimi,
1398 589 1492 650 hodie
1522 589 1597 650 cclc-

318 698 433 772 bratur,
457 697 571 775 inqua
588 696 736 757 dominus
752 695 839 758 Iesus
856 697 998 758 Christus
1014 695 1176 774 discipulis
1192 698 1336 776 corporis.
1372 697 1595 776 Hieronymus.

319 804 356 866 G.
384 807 445 866 108
479 850 1483 866 ...................
1555 807 1594 863 27

408 913 588 972 Certissima
609 909 723 972 fiducia
745 915 793 971 est
815 911 1055 972 christianorum
1070 909 1223 971 divinitus
1240 912 1394 988 promissa
1416 911 1596 972 resurrectio

318 1023 521 1080 mortuorum.
559 1020 691 1096 August.
732 1019 774 1078 M.
800 1021 851 1092 39,
878 1021 973 1079 2074.
1014 1018 1051 1079 G.
1078 1020 1141 1079 308
1196 1066 1202 1079 .
1248 1066 1258 1079 ..
1307 1067 1313 1079 .
1364 1067 1370 1079 .
1419 1067 1426 1079 .
1476 1067 1483 1080 .
1553 1014 1629 1079 37’

408 1125 596 1203 Cogitemus,
627 1123 820 1185 dilectissimi
842 1124 961 1198 fratres,
994 1123 1128 1200 assidue,
1159 1124 1291 1202 qualiter
1313 1127 1456 1186 vivamus
1479 1127 1514 1186 in
1536 1125 1596 1186 hac

317 1235 474 1310 praesenti
497 1233 571 1294 vita.
612 1233 655 1293 M.
682 1235 734 1306 89,
761 1235 823 1292 858
865 1279 1482 1294 ............
1553 1235 1594 1292 80

406 1339 607 1400 Considerare
622 1343 742 1417 oportet
764 1357 832 1412 nos,
857 1340 1019 1414 carissimi,
1042 1341 1214 1418 praesentis
1229 1340 1312 1400 vitae
1336 1344 1463 1401 statum.
1504 1339 1594 1398 Boni-

315 1446 420 1506 fatius.
460 1447 503 1512 Μ,
530 1450 581 1520 89,
607 1449 671 1506 860
697 1493 1481 1512 ...............
1552 1448 1594 1506 80

405 1553 486 1614 Cum
515 1552 684 1631 apostolica
710 1553 983 1631 100110103010101,
1016 1553 1211 1614 dilectissimi
1234 1552 1334 1628 nobis,
1359 1551 1539 1614 audivimus
1562 1552 1592 1614 b.

314 1659 491 1737 apostolum
515 1660 748 1720 Corinthiorum
771 1659 933 1738 populum.
973 1659 1010 1721 G.
1036 1663 1076 1718 42
1140 1707 1480 1721 .......
1551 1663 1591 1720 23

404 1766 485 1826 0010
507 1765 615 1828 boatus
639 1765 797 1844 apostolus
821 1765 936 1827 Paulus
960 1765 1121 1826 caelestem
1145 1767 1291 1826 militiam
1315 1765 1500 1841 ostenderet,
1531 1785 1593 1844 qua

314 1862 371 1932 deo
394 1872 588 1934 militaverat.
628 1874 850 1952 Hieronymus.
891 1873 928 1934 G.
954 1876 1017 1932 285
1081 1921 1478 1935 ........
1551 1877 1591 1934 35

403 1980 484 2040 Cum
506 1982 623 2041 ieiunio
646 1979 757 2040 Daniel
780 1982 813 2039 in
837 1979 940 2040 lacum
963 1979 1090 2039 leonum
1113 1981 1271 2057 ingressus
1295 1984 1350 2040 est.
1384 1981 1590 2058 Augustinus.

1551 2090 1591 2147 26

403 2195 484 2256 Cum
506 2192 694 2272 praedicaret
716 2191 873 2254 dominus.
912 2193 1098 2254 Bonifatius.
1136 2193 1178 2254 M.
1206 2195 1257 2266 89,
1283 2195 1347 2253 850
1418 2242 1424 2255 .
1473 2242 1479 2255 .
1551 2197 1589 2254 81

402 2300 482 2360 Cum
505 2304 702 2378 pertractaret
723 2299 881 2378 apostolus
898 2299 1013 2360 Paulus
1036 2298 1121 2376 quod
1137 2318 1229 2359 00100
1253 2300 1457 2378 exoperibus
1481 2302 1591 2362 veteris

312 2406 397 2485 legis.
433 2407 572 2469 Hraban.
611 2408 653 2468 M.
681 2409 755 2482 110,
781 2409 854 2468 322.
891 2407 928 2468 G.
956 2409 1017 2467 169
1082 2454 1478 2469 ........
1549 2411 1589 2468 29

400 2514 446 2573 00
468 2513 737 2576 benedictionibus
751 2514 844 2575 Iacob
867 2518 897 2574 et
912 2513 997 2574 Esau
1021 2513 1152 2592 qualiter
1175 2533 1194 2573 a
1215 2519 1301 2591 patre
1317 2533 1391 2574 0000
1410 2515 1498 2574 Isaac
1521 2514 1589 2575 cali-

311 2619 457 2698 gantibus
481 2620 578 2682 oculis
609 2620 790 2682 benedictus
815 2623 864 2698 sit,
889 2622 924 2680 in
947 2619 1087 2694 lectione,
1112 2639 1190 2698 quae
1213 2621 1339 2680 recitata
1361 2625 1418 2693 est,
1443 2620 1586 2696 audistis,

311 2727 505 2788 dilectissimi
516 2727 616 2802 nobis,
630 2729 829 2806 promittente
841 2732 935 2806 patre.
960 2726 1135 2805 Gregorius,
1161 2727 1202 2788 M.
1219 2730 1270 2802 76,
1286 2730 1359 2788 829.
1384 2728 1421 2788 G.
1438 2731 1477 2788 66
1548 2732 1589 2788 24

399 2835 445 2895 00
469 2834 605 2896 cavenda
627 2835 768 2896 humana
790 2834 979 2894 confidentia
1001 2838 1031 2894 et
1054 2832 1092 2893 de
1115 2832 1342 2911 praesumenda
1364 2835 1399 2893 in
1422 2833 1589 2895 dominum

310 2939 424 3002 fiducia
452 2942 607 3019 praesenti
636 2941 767 3004 lectione
795 2940 974 3018 prophetica
1003 2939 1218 3001 admonemur.
1265 2940 1478 3018 Hieronymus
1548 2945 1588 3001 24

398 3048 445 3108 00
467 3049 661 3108 confessione
676 3067 764 3109 verae
778 3046 859 3120 fidei,
884 3066 938 3124 per
959 3065 1055 3124 quam
1071 3052 1228 3107 aeternam
1250 3048 1417 3124 promereri
1440 3045 1588 3108 debemus

310 3153 452 3229 salutem,
477 3156 631 3232 praesenti
654 3173 711 3214 nos
734 3153 865 3215 lectione
887 3157 995 3214 monet
1017 3152 1175 3231 apostolus
1246 3201 1475 3214 .....
1546 3158 1587 3215 35

397 3261 443 3320 00
465 3259 606 3321 doctrina
628 3262 784 3321 iustorum
806 3265 836 3322 et
858 3261 1027 3338 impiorum
1057 3258 1189 3320 audistis
1212 3261 1247 3319 in
1270 3261 1425 3337 praesenti
1446 3260 1587 3336 lectione,

309 3366 416 3427 fratres
440 3369 600 3445 carissimi,
626 3366 824 3428 Salomonem
857 3415 1474 3428 ............
1546 3372 1586 3429 36

397 3474 443 3534 De
466 3473 557 3534 donis
580 3473 696 3536 divinis
720 3479 875 3552 quantum
892 3474 982 3534 nobis
1000 3473 1049 3534 dei
1065 3475 1163 3552 pietas
1187 3475 1348 3548 concessit,
1372 3474 1480 3534 fratres
1497 3474 1586 3534 caris·

309 3581 390 3655 simi,
416 3580 523 3642 beatus
546 3582 687 3644 Iacobus.
727 3583 764 3644 G.
792 3586 852 3642 132
913 3628 1475 3648 ...........
1545 3585 1586 3642 28

397 3688 442 3748 00
465 3689 661 3750 humanitate
681 3708 751 3768 erga
766 3689 924 3768 proximos
940 3694 971 3750 et
986 3689 1025 3750 de
1040 3687 1177 3750 cavendo
1192 3689 1264 3749 odio
1279 3690 1434 3766 praesenti
1456 3687 1587 3750 lectione

307 3794 523 3858 admonemur.
558 3796 698 3858 Hraban.
735 3797 777 3858 M.
805 3800 877 3871 110,
903 3799 978 3858 303.
1014 3796 1051 3857 G.
1079 3798 1142 3856 160
1190 3844 1474 3863 ......
1545 3799 1585 3857 29

396 3903 443 3964 00
464 3902 580 3964 iudicio
596 3902 771 3964 8010100010
787 3904 868 3964 10101
891 3902 1046 3978 mulieres,
1070 3921 1109 3963 ex
1132 3903 1246 3981 quibus
1269 3923 1335 3966 una
1356 3903 1468 3978 filiurn,
1492 3922 1587 3981 quem

307 4009 419 4071 lactare
441 4015 650 4072 consueverat.
687 4010 861 4089 Gregorius.
899 4011 940 4072 M.
967 4013 1018 4088 76,
1046 4013 1118 4072 199.
1155 4010 1193 4072 G.
1219 4013 1259 4070 82
1300 4060 1306 4072 .
1356 4059 1363 4073 .
1412 4060 1418 4072 .
1468 4059 1473 4072 .
1545 4013 1586 4070 25

396 4117 442 4178 00
471 4116 562 4177 laude
590 4117 724 4178 caritatis
754 4122 846 4195 atque
875 4117 913 4178 de
936 4119 1105 4178 assertione
1136 4116 1295 4195 qualitatis
1318 4120 1384 4179 eius
1408 4117 1586 4179 audivimus

308 4223 435 4284 beatum
457 4223 632 4302 apostolum
656 4225 691 4283 in
714 4226 870 4302 praesenti
891 4224 1022 4284 lectione
1045 4223 1269 4303 disputantem.
1313 4225 1350 4286 G.
1376 4228 1418 4284 45
1466 4271 1473 4286 .
1543 4228 1585 4284 24

395 4331 442 4391 00
472 4329 538 4408 lege
567 4349 621 4408 per
651 4330 782 4408 Moysen
814 4329 886 4391 data
916 4331 1031 4408 populo
1061 4331 1156 4393 Israel
1194 4336 1224 4392 et
1257 4330 1296 4393 dc
1326 4331 1585 4409 pmmissionibus

308 4437 458 4499 Abrahae.
496 4436 636 4498 Hraban.
673 4437 716 4497 M.
743 4439 815 4515 110,
841 4440 916 4498 446.
953 4437 989 4500 G.
1016 4441 1079 4499 213
1133 4485 1139 4498 .
1188 4488 1195 4504 .
1245 4478 1251 4500 -.
1300 4486 1306 4499 .
1355 4485 1361 4499 .
1411 4487 1417 4500 .
1466 4490 1473 4504 .
1543 4441 1583 4499 32

394 4544 441 4604 00
471 4543 638 4624 prudentia
669 4544 765 4605 huius
793 4543 910 4605 saeculi
941 4543 1087 4620 cavenda,
1120 4555 1157 4606 ut
1187 4547 1280 4606 etiam
1311 4564 1351 4606 00
1381 4546 1416 4606 10
1445 4548 1585 4606 nostram

305 4651 445 4729 ipsorum
469 4650 668 4729 prudentiam
691 4649 894 4713 confidamus.
932 4653 968 4713 L.
994 4655 1046 4714 57.
1085 4652 1122 4714 G.
1149 4655 1190 4714 33
1244 4701 1251 4714 .
1300 4702 1307 4716 .
1355 4699 1362 4714 .
1411 4701 1417 4714 .
1466 4700 1473 4714 .
1543 4655 1583 4714 23

394 4758 440 4818 00
471 4758 609 4819 secundo
640 4757 778 4820 adventu
809 4758 931 4819 domiui
962 4764 994 4820 et
1024 4759 1184 4821 salvatoris
1217 4763 1317 4820 nostri
1348 4761 1425 4821 Jesu
1457 4759 1582 4833 Christi,

305 4864 413 4926 1101100
436 4866 598 4941 carissimi,
628 4864 761 4928 audistis
785 4863 948 4926 docentem
970 4866 1157 4946 apostolum.
1197 4867 1232 4929 L.
1257 4871 1308 4928 44.
1346 4866 1383 4928 G.
1409 4870 1471 4926 272
1542 4870 1584 4928 34
