3624 5556
576 431 632 484 Das
650 431 867 484 lustramentum
886 429 1016 506 bonorum
1036 442 1154 494 operum.
1463 410 1504 473 89

271 613 343 672 Non
376 613 486 687 iurare,
519 630 559 670 ne
584 609 662 670 forte
692 610 836 686 periures,

226 721 389 780 veritatem
410 738 448 777 ex
471 716 560 777 corde
583 721 614 777 et
629 735 679 776 ore
695 716 837 793 prolerre.

272 965 392 1025 Melum
423 986 478 1044 pro
502 965 584 1025 malo
608 984 673 1024 non
704 963 837 1040 reddere,

226 1073 375 1131 iniuriam
398 1091 464 1131 non
487 1072 594 1147 facere,
621 1071 674 1131 sed
698 1074 728 1130 et
742 1071 839 1130 lactas

226 1181 379 1256 patienter
402 1179 541 1238 sufferre.

271 1536 421 1596 Inimieos
451 1533 586 1610 diligere,
622 1531 840 1592 maledicentes

228 1661 260 1702 se
294 1661 360 1701 non
394 1640 617 1713 remaledicere,
656 1637 710 1698 sed
742 1639 840 1716 magis

227 1748 415 1822 benedicere,
428 1747 674 1825 persecutionem
687 1765 742 1823 pro
755 1747 840 1805 iusti-

227 1857 272 1916 tia
294 1857 458 1916 sustinere.

274 2425 344 2484 Non
355 2443 421 2484 esse
430 2422 592 2500 superbae,
601 2443 667 2483 non
676 2421 842 2495 violentus,

228 2551 293 2590 non
302 2530 440 2590 multum
448 2528 842 2603 mendacemmonsomno-

227 2638 360 2711 lentum,
373 2656 438 2697 non
453 2639 588 2714 pigrum,
601 2655 667 2695 non
682 2632 846 2694 murmori?

228 2764 329 2818 osum,
354 2763 419 2804 non
443 2742 654 2803 detractorem.

274 2869 316 2929 Os
327 2887 421 2927 suum
431 2867 541 2926 amalo
553 2867 602 2928 vel
613 2885 708 2944 pravo
720 2865 842 2942 eloquio

229 2974 396 3048 custodire,
405 2973 543 3034 multum
554 2973 640 3051 loqui
651 2993 716 3033 non
729 2991 841 3046 amare,

229 3082 321 3142 verba
332 3100 414 3141 vana
429 3085 484 3141 aut
498 3082 576 3140 risui
585 3085 657 3157 apta
668 3099 734 3139 non
746 3080 842 3156 loqui,

230 3191 328 3248 risum
351 3187 489 3248 multum
512 3191 567 3247 aut
589 3205 756 3247 excussum
777 3204 843 3244 non

229 3313 341 3360 amare.

273 3420 434 3480 Lectiones
447 3422 570 3479 sanctas
582 3416 713 3478 libenter
722 3415 841 3489 audire,

230 3528 362 3586 orationi
371 3526 548 3602 frequenter
559 3523 748 3597 incumbere,
762 3522 845 3582 mala

231 3652 287 3692 sua
302 3633 465 3710 praeterita
481 3650 553 3691 cum
567 3630 701 3691 lacrimis
725 3630 774 3691 vel
796 3649 843 3708 ge·

230 3741 311 3799 mitu
335 3738 446 3799 cotidie
469 3740 504 3798 in
527 3739 666 3798 oratione
684 3738 749 3798 Deo
773 3756 842 3797 con-

230 3847 320 3907 fiteri.

275 3969 434 4030 Desideria
472 3971 573 4030 carnis
612 3988 678 4029 non
716 3968 842 4040 efficere,

231 4077 425 4138 voluntatem
454 4078 611 4156 propriam
639 4076 732 4149 odire,
761 4095 843 4152 prae-

231 4186 326 4262 ceptis
337 4184 457 4244 abbatis
467 4183 516 4244 vel
526 4182 691 4243 sacerdotis
701 4185 736 4242 in
746 4185 843 4242 omni-

230 4290 289 4350 bus
313 4290 485 4351 obedire..
506 4339 511 4350 .

276 4415 439 4492 Praecepta
450 4415 508 4474 Dei
522 4414 612 4474 lactis
625 4413 736 4474 cotidie
748 4413 845 4474 adim·

231 4521 322 4599 plere,
348 4523 521 4582 castitatem
544 4540 657 4582 amare.

276 4643 407 4705 Nullum
423 4645 517 4720 odire,
533 4645 633 4706 zelum
647 4649 677 4705 et
693 4644 845 4705 invidiam

231 4772 297 4812 non
336 4751 458 4828 habere,
505 4753 737 4812 contentionem
780 4771 846 4811 non

231 4879 343 4933 amare,
358 4859 523 4920 elationem
534 4859 653 4936 lugere;
668 4862 698 4918 et
710 4860 845 4919 seniores

941 599 1008 668 otu
1029 599 1243 688 ἐπιορκήσεις,
1269 597 1307 665 οὐ
1325 603 1509 687 ψευδομαρ-

894 709 1049 796 τυρήσεις,
1067 706 1105 773 οὐ
1121 705 1355 792 κακολογήσεις,
1378 703 1414 771 οὔ
1430 730 1507 794 μνη-

895 815 1083 901 σικακήσεις.
1113 820 1156 893 ΙΙ,
1174 823 1204 879 3.

939 955 1013 1022 Ἐοίν
1036 962 1083 1029 τίς
1100 976 1149 1020 σοι
1165 961 1208 1043 δῷ
1225 956 1371 1044 ῥάπισμα
1387 955 1431 1029 εἰς
1450 954 1509 1042 τὴν

896 1062 1003 1140 δεξιὰν
1020 1063 1162 1146 σιαγόνα,
1180 1071 1324 1150 στρέψον
1346 1061 1432 1150 αὐτῷ
1456 1065 1510 1127 καὶ

894 1169 953 1257 τήν
978 1169 1087 1257 ἄλλην,
1120 1174 1174 1235 καὶ
1198 1169 1254 1259 ἔσῃ
1284 1171 1419 1241 τέλειος·
1453 1165 1511 1234 ἐὰν

895 1274 1076 1366 α’γγαρείσῃ
1090 1277 1127 1342 σε’
1142 1301 1189 1350 τις
1205 1279 1313 1360 μίλιον
1330 1276 1375 1360 ἓν,
1402 1273 1510 1356 ὕπαγε

895 1385 965 1466 μετ’
992 1383 1092 1449 αὐτοῦ
1123 1383 1189 1449 δύο.
1219 1390 1245 1462 Ι,
1263 1393 1293 1448 4.

940 1525 1111 1608 Εὐλογεῑτε
1146 1523 1219 1599 τοὺς
1258 1524 1507 1611 καταρωμένους

896 1628 972 1716 ὑμῖν
995 1637 1050 1697 καὶ
1080 1631 1306 1718 προσεύχεσθε
1330 1627 1417 1717 ὑπὲρ
1447 1638 1511 1696 τῶν
1585 1715 1587 1720 Ι

897 1738 1025 1826 ἐχθρῶν
1050 1735 1149 1822 ὑμῶν,
1174 1738 1344 1826 νηστείετε
1369 1741 1404 1804 δὲ
1423 1733 1510 1823 ὑπὲρ

895 1853 958 1910 τῶν
993 1845 1173 1911 διωκόντων
1205 1841 1300 1929 ὑμᾶς·
1333 1851 1414 1910 ποία
1448 1842 1507 1930 γαρ

895 1948 1510 2038 χάρις,ἕὰνιίγαπᾶτετούςἀγαπῶντας

896 2056 1000 2145 ὑμᾶς
1023 2057 1093 2140 οὐχὶ
1117 2057 1233 2124 καὶτὰ
1264 2057 1348 2145 ἔθνη
1370 2054 1407 2123 τὸ
1433 2055 1511 2122 αὐτὸ

896 2173 1064 2252 ποιοῦσιν·
1090 2161 1180 2248 ὑμεῖς
1204 2168 1239 2231 δὲ
1263 2162 1414 2246 ἀγαπᾶτε
1437 2162 1511 2237 τούς

898 2279 1071 2355 μισοῦντας
1095 2268 1187 2355 ὑμᾶς.
1211 2278 1236 2350 Ι,
1256 2281 1285 2337 3.

944 2423 1067 2480 Τέκνον
1073 2415 1199 2500 portur)
1209 2420 1298 2496 γίνου
1311 2414 1468 2501 ψεύστης.
1477 2463 1511 2492 ..,

898 2523 942 2608 μὴ
952 2528 1040 2603 γίνου
1050 2521 1197 2603 γόγγοσος
1208 2572 1214 2586 .
1226 2571 1233 2586 .
1244 2572 1262 2600 .,
1272 2523 1354 2607 μηδὲ
1368 2519 1512 2607 αὐθίδης

898 2632 980 2716 μηδὲ
996 2628 1223 2714 πονηρόφρων.
1251 2633 1310 2705 ΠΙ,
1331 2635 1359 2693 6.

945 2857 1011 2926 Οίκ
1033 2859 1088 2950 ἔσῃ
1108 2859 1273 2942 διγνιίμιον
1294 2855 1369 2923 οὐδὲ
1388 2859 1511 2939 δίγλωσ-

899 2987 960 3040 σος.
985 2972 1027 3045 ΙΙ,
1047 2975 1075 3032 4,

946 3073 1012 3139 Οὐκ
1036 3074 1126 3140 ἔσται
1150 3070 1166 3138 ὁ
1187 3073 1277 3155 λόγος
1297 3092 1354 3137 σοι·
1380 3071 1513 3159 ψευδής,

900 3177 937 3245 οὔ
959 3179 1050 3252 κενός
1069 3175 1151 3244 α’λλά
1167 3179 1414 3262 μεμεστωμένος
1432 3178 1513 3265 πρα’-

899 3293 955 3364 ξει.
990 3292 1033 3366 Π,
1052 3294 1081 3351 5.

943 3411 994 3477 Ἐν
1033 3409 1181 3499 ἐκκλησίᾳ
1221 3409 1437 3500 ἒξομολογσήῃ
1474 3406 1514 3475 τὰ

900 3518 1155 3605 παραπτώματα
1184 3539 1240 3583 σου
1271 3521 1325 3583 καὶ
1356 3515 1393 3582 orl
1418 3537 1514 3599 προσ-

900 3624 1014 3714 ελείσγγ
1032 3623 1090 3689 ε’πὶ·
1105 3624 1289 3713 προσευχήν
1314 3646 1369 3689 σου
1391 3622 1426 3690 ἓν
1442 3644 1512 3689 σον-

901 3731 1020 3818 ειδήσει
1033 3738 1172 3817 πονηρᾷ.
1196 3736 1252 3809 IV,
1274 3739 1324 3795 14.

950 3961 1073 4027 Τέκνον
1095 3986 1168 4044 μου,
1201 3957 1244 4047 μὴ
1276 3966 1365 4042 γίνου
1395 3961 1513 4028 ἐπιθυ-

897 4071 1014 4156 μητής·
1029 4064 1139 4155 ὁδηγεῖ
1149 4064 1239 4155 γάρὴ
1254 4067 1419 4152 ἐπιθυμία
1433 4065 1514 4155 πρὸς

900 4173 959 4262 τὴν
983 4181 1153 4262 πορνείαν.
1181 4180 1240 4255 ΙΠ,
1260 4183 1289 4241 3.

946 4407 1004 4492 Ma>
1020 4404 1238 4494 ἐγκαταλίπῃς
1250 4403 1381 4479 ἐντολὰς
1390 4413 1512 4492 κυρίου.

900 4519 956 4593 IV,
975 4521 1025 4578 13.

948 4619 994 4687 Οὐ
1018 4619 1163 4706 μισήσεις
1186 4617 1298 4684 πάντα
1321 4617 1513 4705 ἄνθρωπον.

899 4751 942 4826 n,
962 4754 990 4812 ν.

948 4850 1015 4934 Οὐχ
1039 4847 1180 4940 ὗψιίσεις
1204 4850 1351 4917 σεαυτόν.
1374 4856 1433 4930 ΠΙ,
1453 4859 1482 4917 9.
