3624 5556
675 430 756 482 Dicta
774 428 881 483 abbatis
899 427 1034 482 Pirminii.
1454 417 1495 478 83

260 611 548 670 [nimicosvestros
572 609 690 687 diligite
718 614 748 669 et
770 628 826 686 pro

216 718 390 794 ipsisorate.
405 716 476 776 Non
484 716 719 788 maledicites,et
725 717 826 792 siquis

216 842 271 883 vos
290 821 494 896 maledixerit,
513 843 578 882 non
600 821 825 894 remaledicitis‚

217 929 271 990 sed
293 929 429 1006 amplius
452 929 624 989 benedicite
644 933 674 988 et
689 947 827 1005 persecu-

215 1037 334 1096 tionem
354 1040 479 1113 propter
493 1036 647 1095 iustitiam
664 1036 826 1094 sustinete.

261 1143 392 1203 Nullum
402 1143 563 1202 hominem
572 1141 666 1201 hodio
675 1140 825 1214 habeatis,

216 1248 270 1309 sed
292 1250 368 1308 vitia
391 1255 421 1309 et
443 1254 575 1326 peccata.

261 1355 332 1415 Non
356 1357 423 1416 sitis
447 1355 582 1433 superbi,
612 1373 678 1414 non
705 1353 825 1430 ebriosi,

216 1481 281 1521 non
298 1463 546 1539 concupiscentie
569 1460 641 1539 gula
657 1465 826 1531 sectantes;

216 1587 281 1627 non
312 1570 379 1628 sitis
406 1568 603 1644 somnolenti,
637 1587 702 1627 non
732 1568 823 1644 pigri,

216 1694 281 1733 non
304 1676 496 1734 ociositatem
518 1679 671 1735 vacantes.

260 1886 362 1948 Nolite
385 1887 542 1948 detrahere
560 1889 705 1961 invicem,
729 1886 825 1946 nolite

216 2013 282 2054 esse
297 1996 515 2068 murmuriosi;
540 1995 678 2055 multum
692 1993 778 2070 loqui
798 1997 828 2052 et

217 2101 309 2162 verba
331 2120 412 2160 vana
434 2120 500 2161 non
522 2103 677 2168 amaretis,

257 2208 827 2286 Peccataetnegligentiasvestrascnm

215 2313 349 2374 lacrimis
366 2319 396 2374 et
409 2317 529 2392 gemitu
550 2315 600 2374 die
618 2320 775 2390 noctuque
791 2314 825 2371 in

216 2423 387 2482 orationem
416 2423 474 2482 Dei
503 2419 745 2482 misericordiam
777 2419 825 2479 de-

216 2533 336 2606 precate

259 2634 415 2708 idolatria,
444 2635 600 2709 veneficia,
631 2634 821 2706 inimicitiae,

216 2744 440 2816 contentiones,
464 2741 713 2814 emmulationes,
729 2742 823 2812 rixas,

216 2847 823 2926 animositates,provocationes,hereses,

216 2954 347 3029 invidia,
393 2955 509 3029 zelum,
549 2955 821 3014 commessationes

216 3061 312 3121 nolite
334 3061 408 3122 talia
429 3062 532 3122 facire.

926 602 1098 684 Εὖλογείτε
1137 600 1210 675 τούς
1247 612 1496 690 καταρωμένους

884 705 960 792 ὑμῖν
989 714 1041 774 καὶ
1074 711 1297 796 προσεύχεσθε
1322 706 1408 797 ὑπὲρ
1431 718 1496 776 τῶν

884 816 1010 903 ἐχθρῶν
1036 813 1133 899 ὑμῶν,
1159 815 1331 903 νησιείετε
1356 821 1391 884 δὲ
1410 814 1496 902 ὗπὲρ

883 931 946 988 τῶν
970 923 1149 989 διωκόντων
1174 921 1265 1006 ὑμᾶς.
1301 929 1327 1003 Ι,
1346 932 1375 989 3.

929 1134 977 1202 Οὐ
1005 1137 1148 1224 μισήσεις
1171 1138 1280 1202 πάντα
1304 1136 1495 1224 ἄνθρωπον,

883 1241 964 1309 ἀλλὰ
991 1295 998 1308 .
1025 1295 1032 1308 .
1058 1295 1065 1308 .
1089 1249 1132 1323 ΙΙ,
1151 1253 1179 1309 7.

930 1346 1287 1438 Οὗχδψώσειςσεαοιδν
1301 1347 1375 1416 οὐδὲ
1389 1354 1497 1425 δώσεις

882 1465 921 1546 τῇ
947 1464 1035 1547 ψυχῇ
1058 1476 1114 1521 σον
1138 1455 1267 1543 θράσος.
1303 1462 1362 1536 ΙΙΙ,
1384 1465 1412 1523 9.

927 1565 986 1650 Μη
1002 1569 1091 1644 γίνου
1108 1564 1267 1646 γόγγοσος·
1287 1563 1403 1650 ἐπειδὴ
1427 1561 1495 1651 ὁδη-

884 1682 933 1753 γεῖ
948 1672 992 1744 είς
1011 1671 1069 1756 την
1092 1671 1309 1758 βλασφημίαν,
1333 1674 1416 1758 μηδὲ
1440 1669 1494 1736 αὖ·

883 1777 985 1864 θάδης
1007 1779 1090 1864 μηδὲ
1114 1779 1345 1863 πονηρόφρων·
1369 1783 1429 1858 ΠΙ,
1448 1787 1476 1844 6.

929 1883 996 1950 Οὐκ
1021 1883 1110 1949 ἔσται
1133 1879 1255 1965 δλόγος
1279 1904 1334 1947 σον
1361 1885 1494 1972 ψευδής,

883 1990 921 2056 οδ
940 1990 1039 2068 κενός,
1062 1987 1144 2055 α’λλά
1156 1999 1405 2073 μεμεστωμένος
1418 1990 1496 2075 πρά·

883 2105 939 2174 ξει.
963 2103 1006 2176 Π,
1025 2105 1054 2162 5.

927 2203 980 2270 Ἐν
1019 2202 1168 2291 ἐκκλησίᾳ
1208 2203 1423 2292 ἐξομολογηση
1457 2201 1495 2270 τὰ

883 2310 1134 2396 παραπτώματα
1165 2332 1220 2375 σου
1252 2315 1307 2374 καὶ
1330 2309 1367 2374 οδ
1400 2330 1497 2400 προσ-

884 2420 995 2506 ελεύση
1012 2415 1070 2482 ἐπὶ
1086 2417 1270 2503 προσευχήν
1286 2436 1341 2481 σον
1368 2415 1403 2481 ἐν
1427 2438 1497 2482 σον-

884 2524 1004 2611 ειδησει
1028 2531 1166 2611 πονηρᾷ.
1201 2529 1257 2602 IV,
1277 2533 1327 2588 14.

931 2631 1040 2710 Φόνοι,
1051 2641 1204 2713 μοιχεῖαι,
1217 2629 1406 2712 ἐπιθυμίαι,
1420 2656 1496 2716 πορ-

881 2749 976 2822 νεῖαι,
1001 2740 1132 2814 κλοπαί,
1158 2737 1410 2824 εἰδωλολατρίαι,
1438 2762 1496 2820 μα-

882 2855 974 2928 γεῖαι,
1006 2849 1198 2930 φαρμακίαι,
1231 2841 1388 2931 ἁρπαγαί,
1418 2857 1496 2934 ψευ-

882 2955 1103 3038 δομαρτυρίαι,
1144 2947 1339 3037 ὑποκρίσεις,
1384 2953 1495 3016 διπλο-

881 3062 1006 3145 καρδία,
1032 3057 1129 3140 δόλος,
1147 3053 1368 3145 ὑπερηφανία,
1389 3066 1496 3141 κακία,

882 3162 1051 3248 αὐθάδεια,
1075 3167 1260 3244 πλεονεξία,
1279 3167 1494 3251 αἰσχρολογία,

882 3273 1068 3357 ζηλοιοπία,
1100 3271 1273 3359 θρασύτης,
1301 3271 1393 3360 δίψος,
1420 3272 1495 3338 αλα-

882 3381 999 3453 ζονεία.
1035 3383 1074 3454 V,
1095 3387 1123 3442 1.

322 3523 384 3588 Die
400 3523 530 3604 Gegner
546 3524 603 3587 der
616 3523 774 3588 Echtheit
790 3524 847 3587 der
864 3522 1163 3587 Bonifatianischen
1179 3523 1356 3605 Predigten
1376 3526 1497 3589 sochen

217 3630 264 3695 sie
286 3630 346 3695 auf
366 3630 418 3695 die
433 3629 660 3710 Kapitularien
682 3649 756 3697 vom
774 3635 825 3696 23.
843 3631 938 3694 Mara
957 3633 1019 3697 789
1044 3630 1110 3694 und
1132 3649 1206 3696 vom
1223 3631 1390 3713 Friihjahr
1415 3629 1498 3697 802¹

216 3735 1498 3820 zuriickzufiihren,welchesehreingehendeundausfiihrlicheBestimmungen

216 3846 296 3910 iiber
312 3845 379 3922 das,
402 3863 471 3909 was
487 3843 657 3925 gepredigt
672 3844 803 3908 werden
820 3844 888 3920 soll,
917 3843 1095 3908 enthalten.
1132 3843 1184 3908 Sic
1207 3863 1384 3925 vergessen
1409 3847 1496 3923 aber,

216 3971 277 4017 uns
293 3972 333 4016 zu
350 3970 458 4033 sagea,
484 3970 543 4015 aus
559 3951 704 4015 welchen
721 3949 855 4031 Quellen
871 3951 956 4014 Karl
977 3949 1035 4014 der
1051 3950 1168 4014 Grosse
1192 3951 1269 4015 oder
1285 3952 1343 4015 der
1365 3951 1426 4016 mit
1441 3953 1499 4015 der

215 4058 400 4122 Redalrtion
423 4056 632 4138 beauftragte
654 4055 823 4138 geistliche
846 4057 1108 4139 Wiirdentrager
1131 4057 1183 4122 die
1206 4059 1340 4139 Kapitel
1367 4063 1497 4124 el—ee

211 4165 306 4247 jener
330 4169 461 4241 ,ersten‘
479 4168 647 4231 οιίαοιιίίίο
669 4165 821 4247 pennalis
844 4163 1019 4245 geschbpft
1041 4165 1109 4228 hat.
1146 4164 1185 4228 In
1208 4164 1324 4229 beiden
1342 4165 1498 4229 Erlassen

216 4271 350 4335 handelt
374 4290 408 4335 es
431 4271 499 4334 sich
523 4270 614 4335 nicht
636 4290 690 4334 nm
707 4275 810 4335 etwas
829 4271 948 4349 Neues
975 4271 1114 4335 scudem
1137 4291 1191 4335 um
1208 4271 1259 4335 die
1275 4271 1498 4335 Kodifikation

216 4378 273 4443 des
289 4377 695 4454 bestehendenBrancheS,
713 4396 766 4442 um
783 4376 835 4441 die
844 4376 1086 4465 Einscha'rfung
1102 4378 1186 4441 alter
1197 4377 1496 4458 Verpflichtungen.

215 4485 309 4549 Wird
322 4485 403 4548 doch
416 4503 467 4548 arn
478 4483 629 4548 Schlusse
641 4484 697 4547 des
710 4482 1034 4564 alterenKapitulars
1043 4483 1270 4548 ausdriicklich
1280 4503 1341 4550 vor
1352 4483 1498 4548 falschen

215 4593 410 4673 Propheten,
437 4591 488 4655 die
511 4609 594 4655 neue
616 4589 746 4653 Lehren
769 4588 969 4672 aufbringen
992 4590 1117 4668 nrollen,
1143 4587 1323 4672 gewamt²⁸

327 4785 521 4839 ¹B0retius
541 4785 662 4847 52--62;
684 4785 797 4837 91—99.

325 4873 335 4903 ²
353 4875 404 4928 Sed
424 4873 498 4928 omni
516 4873 650 4927 instantia
669 4879 820 4927 ammonete
846 4889 889 4927 eos
909 4874 942 4926 de
962 4872 1106 4926 dilectione
1123 4873 1175 4927 Dei
1195 4878 1222 4926 et
1241 4873 1367 4940 proximi,
1393 4875 1426 4927 de
1445 4875 1499 4927 fide

1300 4977 1338 5033 ὅθι
