3624 5556
292 357 333 420 94
643 368 688 420 IV.
708 367 759 420 Die
777 366 850 420 Zwei
867 367 955 434 Wege
973 365 1002 419 in
1022 366 1069 419 der
1086 363 1221 432 Litiugie.

336 552 451 611 Contra
472 549 571 627 legem
594 550 651 608 Dei
674 549 756 608 nihil
778 567 859 626 agas.

335 764 513 823 Iniustitiae
521 764 606 822 enim
615 781 707 840 opera
721 761 797 821 haec
807 765 898 821 sunt:

291 869 588 942 odimnfornicatio,
599 868 731 942 lu1tum,
739 869 900 945 rapacitas,

291 976 448 1050 veneficia,
464 975 673 1049 mendacium,
688 973 804 1034 falsum
819 975 901 1034 testi-

291 1085 445 1157 monium‚
454 1081 617 1160 cupiditas,
633 1081 789 1154 detractio,
801 1079 900 1153 dolus,

292 1189 444 1267 superbia,
480 1188 608 1262 malitia,
645 1189 811 1261 temeritas,
847 1189 901 1246 im-

292 1294 438 1373 probitas,
452 1295 611 1372 jactantia,
626 1295 793 1368 contentio,
807 1295 901 1354 simu-

291 1401 374 1476 latio
394 1401 622 1479 maliloquium,
639 1420 726 1461 amor
741 1402 901 1478 pecuniae,

291 1509 445 1586 impietas,
471 1512 502 1567 et
523 1527 617 1567 omne
640 1506 724 1584 quod
747 1506 861 1566 alienat
884 1525 903 1565 a

291 1615 432 1675 doctrina
454 1615 521 1674 Dei,

337 1828 417 1888 Cum
436 1828 625 1888 conscientia
641 1825 724 1886 mala
738 1825 803 1885 noli
822 1845 902 1886 acce·

292 1934 363 1994 dere
378 1934 418 1994 ad
433 1936 620 1995 orationem:
646 1932 901 1993 condemnaberis

292 2043 377 2102 enim
393 2061 447 2119 per
461 2045 550 2102 tuam
565 2041 797 2100 conscientiam.
824 2040 901 2100 Con-

291 2149 384 2208 fessio
414 2149 530 2226 peccati
552 2148 680 2207 initium
704 2145 813 2206 salutis
845 2151 901 2211 est.

337 2362 446 2422 Servos
462 2366 498 2421 ut
512 2360 592 2420 filios
608 2362 728 2420 enutri:
746 2359 831 2436 apud
845 2359 901 2419 De-

291 2488 347 2528 um
371 2469 455 2528 enim
478 2466 619 2544 aequales
644 2470 732 2540 sunt,

336 2895 409 2970 quia
428 2911 579 2986 personas
603 2913 669 2953 non
691 2894 811 2970 accipit.

337 3107 435 3184 Super
449 3125 630 3167 mensuram
645 3106 726 3166 nihil
742 3106 858 3179 leceris,
872 3110 902 3165 et

292 3212 432 3291 superbis
456 3213 521 3273 noli
543 3215 701 3292 conjungi,
726 3233 767 3273 ne
782 3215 903 3273 amicus

290 3321 464 3398 injustitiae
486 3320 641 3381 habearis.

335 3428 440 3487 Facies
451 3432 630 3488 sanctorum
640 3447 760 3505 semper
770 3429 901 3505 inquire,

290 3540 327 3595 ut
341 3535 505 3594 instruaris
521 3535 622 3595 verbis
639 3553 763 3594 eorum:
781 3536 900 3611 sapien-

290 3646 360 3701 tum
376 3642 461 3700 enim
478 3659 589 3700 sensus
605 3639 691 3717 pleni
707 3644 783 3700 sunt
795 3641 900 3700 fructi-

290 3748 349 3807 bus
373 3749 462 3807 vitae.

334 3853 901 3914 DucemvitaetuaeutDeumhabe:a

289 3961 354 4020 Deo
379 3962 464 4020 enim
482 3959 541 4020 tibi
566 3961 682 4019 missus
699 3964 755 4034 est,
781 3963 817 4019 ut
842 3959 899 4020 sal-

289 4068 379 4140 veris,
413 4068 506 4126 etin
533 4067 621 4124 omni
645 4065 821 4126 substantia
846 4071 901 4126 tua

288 4174 470 4251 participem
510 4172 606 4232 habe:
652 4173 707 4249 qui
742 4175 828 4232 enim
864 4174 899 4232 in

289 4279 404 4340 divinis
423 4285 453 4340 te
465 4280 746 4356 comparticipatur,
762 4278 852 4340 debet
869 4284 900 4340 et

288 4388 322 4445 in
346 4388 494 4446 humanis
518 4387 669 4464 particeps
694 4405 768 4446 esse.

334 4494 446 4553 Misero
461 4493 526 4552 noli
543 4493 734 4570 exprobrare,
758 4512 799 4552 ne
815 4497 845 4552 et
863 4497 899 4553 tu

288 4599 509 4677 exprobrabilis
524 4599 682 4660 efficiaris:
700 4600 779 4659 circa
790 4618 899 4659 omnes

288 4708 374 4766 enim
384 4706 537 4766 iudicium
549 4708 607 4766 Dei
619 4710 674 4780 est,
687 4711 718 4766 et
729 4710 765 4765 ut
776 4707 898 4765 iustum

288 4818 334 4873 est
356 4812 484 4874 iudicat.

1000 539 1058 628 Μή
1073 541 1289 628 ἐγκαταλίπης
1304 534 1435 610 ἐντολὰς
1448 544 1570 621 κυρίου.

955 655 1011 728 Ν,
1031 657 1082 714 13.

999 751 1042 821 Ἦ
1062 758 1098 821 δὲ
1125 761 1183 820 τοί
1206 751 1356 819 θανάτου
1388 746 1457 823 ὁδός
1482 748 1568 815 ἐστιν

958 861 1053 949 αὕτη·
1079 861 1185 945 φόνοι,
1210 869 1363 942 μοιχεῖαι,
1382 855 1571 939 ἐπιθυμίαι,

957 979 1119 1055 πορνεῖαι,
1151 968 1284 1044 κλοπαί,
1317 964 1569 1049 είδωλολατρίαι,

955 1085 1104 1159 μαγεῖαι,
1159 1077 1360 1158 φαρμακίαι,
1414 1065 1570 1154 ἁρπαγαί,

959 1185 1254 1270 ψευδομαρτυρίαι,
1294 1173 1495 1262 ὑποκρίσεις,
1531 1179 1573 1240 δι·

957 1290 1155 1375 πλοκαρδία,
1200 1285 1305 1360 δόλος,
1349 1279 1570 1369 ὑπερηφανία,

957 1401 1063 1473 κακία,
1075 1393 1248 1470 αὑίίοῐδεια,
1256 1393 1441 1468 πλεονεξία,
1450 1389 1572 1474 αἰσχρο-

957 1504 1058 1582 λογία,
1076 1503 1264 1587 ζηλοτυπία,
1281 1495 1455 1583 θρασύτης,
1474 1493 1568 1584 ὕφος,

958 1606 1138 1684 ἀλαζονεία.
1163 1612 1201 1685 V,
1221 1617 1249 1676 1.

1001 1819 1054 1885 Ἐν
1094 1819 1243 1906 ἐκκλησίᾳ
1285 1820 1499 1914 ἐξομολογήση
1531 1818 1570 1887 τοὶ

958 1926 1213 2012 παραπτώματα
1243 1948 1300 1994 σου
1332 1935 1387 1996 καὶ
1413 1930 1450 1996 οὑ
1474 1951 1570 2016 προσ-

959 2035 1073 2123 ελεὺση
1112 2034 1170 2099 ε’πί
1214 2037 1399 2122 προσευχήν
1439 2058 1495 2102 σου
1537 2037 1572 2102 ἐν

958 2141 1136 2224 συνειδήσει
1167 2149 1305 2228 πονηρᾷ.
1330 2141 1417 2232 Αὑτη
1442 2144 1528 2209 ἐστὶν
1552 2140 1571 2230 ἡ

959 2244 1029 2320 ὁδὸς
1051 2255 1106 2332 της
1130 2250 1217 2334 ζωῆς.
1240 2254 1295 2327 Ν,
1316 2259 1366 2315 14.

999 2351 1064 2419 Οὐκ
1082 2352 1246 2430 ἐπιτάξεις
1265 2356 1367 2444 δούλῳ
1384 2377 1440 2421 σου
1458 2349 1480 2444 ἢ
1496 2382 1571 2422 παι-

958 2464 1057 2548 δίσκη,
1089 2471 1155 2533 τοῖς
1186 2459 1244 2526 ἐπὶ
1272 2458 1328 2526 τὸν
1360 2459 1458 2529 αὑτὸν
1489 2461 1571 2529 θεὸν

959 2567 1152 2646 ἐλπίζουσιν,
1171 2565 1206 2632 ἐν
1223 2576 1337 2655 πικρία
1355 2590 1422 2648 σου,
1439 2570 1569 2656 μήποτε

959 2673 995 2738 οὐ
1019 2671 1063 2760 μή
1088 2674 1331 2761 φοβηθήσονται
1354 2673 1410 2742 τὸν
1435 2676 1488 2741 ἐπ’
1512 2675 1570 2760 α’μ·

958 2789 1106 2867 φοτέροις
1130 2781 1229 2846 θεόν·

1002 2885 1041 2952 οὑ
1064 2885 1123 2974 γὰρ
1141 2887 1269 2971 ἔρχεται
1284 2886 1366 2954 κατοὶ
1393 2889 1570 2974 πρόσωπον

957 2997 1100 3060 καλέσαι.
1128 3001 1184 3076 Ν,
1204 3003 1254 3060 10.

1005 3101 1051 3168 Οὕ
1079 3101 1316 3188 κολληθήσεται
1348 3098 1367 3188 ή
1400 3103 1489 3191 ψυχή
1514 3122 1570 3167 σου

958 3205 1039 3292 μετὰ
1065 3203 1211 3295 ὑψηλῶν.
1235 3214 1295 3288 ΠΙ,
1314 3217 1344 3274 9.

1002 3417 1569 3508 Ἐκζητιήσειςκαθ’ήμέραντὰπρόσ-

955 3551 1031 3593 ωπα
1059 3535 1123 3592 τοῖν
1155 3524 1263 3610 ἁγίων,
1292 3530 1347 3594 ἵνα
1372 3528 1570 3618 ἐπαναπαής

954 3645 1020 3708 τοῖς
1044 3634 1148 3718 λόγοις
1173 3633 1288 3700 αὑτοῖν.
1312 3641 1367 3714 Ν,
1387 3643 1416 3700 2.

1005 3855 1073 3914 Τοῦ
1084 3848 1257 3922 λαλοῦντός
1270 3870 1319 3913 σοι
1335 3845 1391 3914 τὸν
1406 3849 1501 3930 λόγον
1513 3856 1571 3914 τοῦ

955 3962 1037 4020 θεοῦ
1055 4007 1062 4020 .
1080 4006 1086 4020 .
1102 4005 1109 4020 .
1125 3955 1267 4042 τιμήσεις
1281 3953 1380 4022 αὑτὸν
1394 3952 1434 4029 ὡς
1446 3956 1568 4043 κύριον.

955 4067 1011 4141 iv,
1033 4072 1060 4128 1.

998 4171 1040 4233 Εἰ
1056 4166 1114 4252 γὰρ
1132 4168 1167 4234 ἐν
1183 4176 1227 4256 τῷ
1247 4167 1404 4256 αἀανοίτφ
1421 4175 1572 4234 κοινωνοί

956 4275 1039 4354 ἐστε,
1055 4275 1143 4362 πόσην
1160 4277 1284 4356 μᾶλλον
1297 4274 1332 4340 ἐν
1346 4287 1413 4348 τοῖς
1426 4282 1568 4361 θνητοῖς.

954 4386 1009 4459 iv,
1028 4389 1058 4447 ε.

1004 4486 1070 4552 Oria
1106 4484 1341 4579 οἷποστραφήση
1376 4485 1433 4554 τὸν
1467 4488 1570 4554 ἐνδεό-

955 4619 1068 4678 μενον.
1092 4600 1147 4673 Ν,
1166 4603 1195 4660 8.
