<?xml version="1.0" encoding="UTF-8"?>
<!DOCTYPE html PUBLIC "-//W3C//DTD XHTML 1.0 Transitional//EN"
    "http://www.w3.org/TR/xhtml1/DTD/xhtml1-transitional.dtd">
<html xmlns="http://www.w3.org/1999/xhtml" xml:lang="en" lang="en">
 <head>
  <title>
</title>
<meta http-equiv="Content-Type" content="text/html;charset=utf-8" />
  <meta name='ocr-system' content='tesseract 3.04.00' />
  <meta name='ocr-capabilities' content='ocr_page ocr_carea ocr_par ocr_line ocrx_word'/>
</head>
<body>
  <div class='ocr_page' id='page_1' title='image "./doctrinaxiiapos00schlgoog_0132.png"; bbox 0 0 3624 5556; ppageno 0'>
   <div class='ocr_carea' id='block_1_1' title="bbox 745 427 981 496">
    <p class='ocr_par' dir='ltr' id='par_1_1' title="bbox 745 427 981 496">
     <span class='ocr_line' id='line_1_1' title="bbox 745 427 981 496; baseline 0 -16"><span class='ocrx_word' id='word_1_1' title='bbox 745 427 848 480; x_wconf 75' lang='lat' dir='ltr'>Tantus</span> <span class='ocrx_word' id='word_1_2' title='bbox 867 427 981 496; x_wconf 82' lang='lat' dir='ltr'>integer.</span> 
     </span>
    </p>
   </div>
   <div class='ocr_carea' id='block_1_2' title="bbox 216 595 829 2399">
    <p class='ocr_par' dir='ltr' id='par_1_2' title="bbox 218 595 829 900">
     <span class='ocr_line' id='line_1_2' title="bbox 263 595 829 687; baseline 0.009 -26"><span class='ocrx_word' id='word_1_3' title='bbox 263 596 302 664; x_wconf 81' lang='grc' dir='ltr'>οίι</span> <span class='ocrx_word' id='word_1_4' title='bbox 322 595 382 684; x_wconf 81' lang='grc' dir='ltr'>γὰρ</span> <span class='ocrx_word' id='word_1_5' title='bbox 402 598 530 684; x_wconf 84' lang='grc' dir='ltr'><strong><em>ἔρχεται</em></strong></span> <span class='ocrx_word' id='word_1_6' title='bbox 550 597 633 665; x_wconf 82' lang='grc' dir='ltr'><strong><em>κατὰ</em></strong></span> <span class='ocrx_word' id='word_1_7' title='bbox 650 601 829 687; x_wconf 84' lang='grc' dir='ltr'><strong><em>πρόσωπον</em></strong></span> 
     </span>
     <span class='ocr_line' id='line_1_3' title="bbox 218 703 829 792; baseline 0.007 -22"><span class='ocrx_word' id='word_1_8' title='bbox 218 709 360 782; x_wconf 82' lang='grc' dir='ltr'><strong><em>καλέσαι,</em></strong></span> <span class='ocrx_word' id='word_1_9' title='bbox 385 703 455 771; x_wconf 72' lang='grc' dir='ltr'><strong><em>ἀλλ’</em></strong></span> <span class='ocrx_word' id='word_1_10' title='bbox 480 704 533 791; x_wconf 74' lang='grc' dir='ltr'>ἐφ’</span> <span class='ocrx_word' id='word_1_11' title='bbox 557 705 612 780; x_wconf 80' lang='grc' dir='ltr'><strong><em>οδς</em></strong></span> <span class='ocrx_word' id='word_1_12' title='bbox 634 705 670 772; x_wconf 85' lang='grc' dir='ltr'>τὸ</span> <span class='ocrx_word' id='word_1_13' title='bbox 695 715 829 792; x_wconf 87' lang='grc' dir='ltr'><strong><em>πνεῦμα</em></strong></span> 
     </span>
     <span class='ocr_line' id='line_1_4' title="bbox 218 809 402 900; baseline 0.016 -25"><span class='ocrx_word' id='word_1_14' title='bbox 218 809 402 900; x_wconf 77' lang='grc' dir='ltr'><strong><em>ἡτοίμασεν.</em></strong></span> 
     </span>
    </p>

    <p class='ocr_par' dir='ltr' id='par_1_3' title="bbox 217 916 829 1225">
     <span class='ocr_line' id='line_1_5' title="bbox 264 916 828 1002; baseline -0.005 -13"><span class='ocrx_word' id='word_1_15' title='bbox 264 927 314 989; x_wconf 91' lang='grc'>11.</span> <span class='ocrx_word' id='word_1_16' title='bbox 346 916 522 1002; x_wconf 77' lang='grc' dir='ltr'><strong><em>Ὑμεῖςδὲ</em></strong></span> <span class='ocrx_word' id='word_1_17' title='bbox 551 924 680 987; x_wconf 71' lang='grc' dir='ltr'>δοῦλοι1</span> <span class='ocrx_word' id='word_1_18' title='bbox 708 919 828 988; x_wconf 76' lang='grc' dir='ltr'><strong><em>ὑποτα-</em></strong></span> 
     </span>
     <span class='ocr_line' id='line_1_6' title="bbox 217 1025 829 1115; baseline 0.003 -23"><span class='ocrx_word' id='word_1_19' title='bbox 217 1027 355 1112; x_wconf 72' lang='grc' dir='ltr'><strong><em>γησεσθε</em></strong></span> <span class='ocrx_word' id='word_1_20' title='bbox 385 1037 451 1101; x_wconf 88' lang='grc' dir='ltr'><strong><em>τοῖς</em></strong></span> <span class='ocrx_word' id='word_1_21' title='bbox 480 1035 601 1115; x_wconf 80' lang='grc' dir='ltr'><strong><em>κυρίοις</em></strong></span> <span class='ocrx_word' id='word_1_22' title='bbox 637 1025 750 1113; x_wconf 60' lang='grc' dir='ltr'><strong><em>δμώυῑ)</em></strong></span> <span class='ocrx_word' id='word_1_23' title='bbox 788 1025 829 1102; x_wconf 88' lang='grc' dir='ltr'><strong><em>ώς</em></strong></span> 
     </span>
     <span class='ocr_line' id='line_1_7' title="bbox 217 1133 827 1225; baseline 0.005 -26"><span class='ocrx_word' id='word_1_24' title='bbox 217 1135 309 1222; x_wconf 80' lang='grc' dir='ltr'><strong><em>τώπτρ</em></strong></span> <span class='ocrx_word' id='word_1_25' title='bbox 333 1140 417 1200; x_wconf 77' lang='grc' dir='ltr'><strong><em>θεοῦ</em></strong></span> <span class='ocrx_word' id='word_1_26' title='bbox 436 1133 472 1200; x_wconf 81' lang='grc' dir='ltr'>ἕν</span> <span class='ocrx_word' id='word_1_27' title='bbox 490 1135 622 1225; x_wconf 83' lang='grc' dir='ltr'><strong><em>αἰσχύνη</em></strong></span> <span class='ocrx_word' id='word_1_28' title='bbox 638 1140 692 1201; x_wconf 89' lang='grc' dir='ltr'><strong><em>καὶ</em></strong></span> <span class='ocrx_word' id='word_1_29' title='bbox 708 1136 797 1224; x_wconf 79' lang='grc' dir='ltr'><strong><em>φόβῳ</em></strong></span> <span class='ocrx_word' id='word_1_30' title='bbox 807 1137 827 1202; x_wconf 85' lang='lat'>¹.</span> 
     </span>
    </p>

    <p class='ocr_par' dir='ltr' id='par_1_4' title="bbox 216 1239 829 1544">
     <span class='ocr_line' id='line_1_8' title="bbox 263 1239 828 1328; baseline -0.005 -17"><span class='ocrx_word' id='word_1_31' title='bbox 263 1249 313 1311; x_wconf 84' lang='grc'><strong>12.</strong></span> <span class='ocrx_word' id='word_1_32' title='bbox 340 1240 496 1328; x_wconf 76' lang='grc' dir='ltr'><strong><em>Μισήσεις</em></strong></span> <span class='ocrx_word' id='word_1_33' title='bbox 520 1248 631 1308; x_wconf 84' lang='grc' dir='ltr'><strong><em>πᾶσαν</em></strong></span> <span class='ocrx_word' id='word_1_34' title='bbox 655 1239 828 1326; x_wconf 79' lang='grc' dir='ltr'><em>ὑπόκρισιν</em></span> 
     </span>
     <span class='ocr_line' id='line_1_9' title="bbox 216 1345 829 1438; baseline 0 -24"><span class='ocrx_word' id='word_1_35' title='bbox 216 1353 270 1414; x_wconf 87' lang='grc' dir='ltr'><strong><em>καὶ</em></strong></span> <span class='ocrx_word' id='word_1_36' title='bbox 294 1355 364 1414; x_wconf 85' lang='grc' dir='ltr'>πᾶν</span> <span class='ocrx_word' id='word_1_37' title='bbox 387 1347 405 1414; x_wconf 80' lang='grc' dir='ltr'>ὃ</span> <span class='ocrx_word' id='word_1_38' title='bbox 431 1345 476 1435; x_wconf 82' lang='grc' dir='ltr'>μη</span> <span class='ocrx_word' id='word_1_39' title='bbox 499 1347 634 1435; x_wconf 78' lang='grc' dir='ltr'><strong><em>α’ρεστδν</em></strong></span> <span class='ocrx_word' id='word_1_40' title='bbox 664 1357 708 1437; x_wconf 75' lang='grc' dir='ltr'>τῷ</span> <span class='ocrx_word' id='word_1_41' title='bbox 731 1356 829 1438; x_wconf 79' lang='grc' dir='ltr'><strong><em>κυρίῳ</em></strong></span> 
     </span>
     <span class='ocr_line' id='line_1_10' title="bbox 218 1455 475 1544; baseline 0.004 -24"><span class='ocrx_word' id='word_1_42' title='bbox 218 1455 266 1544; x_wconf 78' lang='grc' dir='ltr'>[οὐ</span> <span class='ocrx_word' id='word_1_43' title='bbox 289 1455 445 1544; x_wconf 83' lang='grc' dir='ltr'><strong><em>ποιήσεις]</em></strong></span> <span class='ocrx_word' id='word_1_44' title='bbox 453 1469 475 1521; x_wconf 80' lang='lat'>⁰.</span> 
     </span>
    </p>

    <p class='ocr_par' dir='ltr' id='par_1_5' title="bbox 216 1559 829 1864">
     <span class='ocr_line' id='line_1_11' title="bbox 263 1559 829 1652; baseline -0.007 -20"><span class='ocrx_word' id='word_1_45' title='bbox 263 1570 313 1633; x_wconf 91' lang='grc'><strong>13.</strong></span> <span class='ocrx_word' id='word_1_46' title='bbox 335 1559 382 1628; x_wconf 79' lang='grc' dir='ltr'>Οὔ</span> <span class='ocrx_word' id='word_1_47' title='bbox 399 1561 444 1648; x_wconf 80' lang='grc' dir='ltr'>μη</span> <span class='ocrx_word' id='word_1_48' title='bbox 462 1561 680 1652; x_wconf 82' lang='grc' dir='ltr'><strong><em>ἕγκαταλίπης</em></strong></span> <span class='ocrx_word' id='word_1_49' title='bbox 698 1561 829 1637; x_wconf 79' lang='grc' dir='ltr'><strong><em>ἐντολὰς</em></strong></span> 
     </span>
     <span class='ocr_line' id='line_1_12' title="bbox 216 1669 827 1757; baseline 0.003 -22"><span class='ocrx_word' id='word_1_50' title='bbox 216 1677 338 1757; x_wconf 82' lang='grc' dir='ltr'><strong><em>κυρίου,</em></strong></span> <span class='ocrx_word' id='word_1_51' title='bbox 363 1669 513 1753; x_wconf 82' lang='grc' dir='ltr'><strong><em>φυλάξεις</em></strong></span> <span class='ocrx_word' id='word_1_52' title='bbox 534 1673 570 1736; x_wconf 80' lang='grc' dir='ltr'>δὲ</span> <span class='ocrx_word' id='word_1_53' title='bbox 589 1669 612 1735; x_wconf 80' lang='grc' dir='ltr'><strong><em>δ</em></strong></span> <span class='ocrx_word' id='word_1_54' title='bbox 633 1672 827 1756; x_wconf 74' lang='grc' dir='ltr'><strong><em>παρέλαβες,</em></strong></span> 
     </span>
     <span class='ocr_line' id='line_1_13' title="bbox 216 1767 805 1864; baseline 0 -22"><span class='ocrx_word' id='word_1_55' title='bbox 216 1777 297 1863; x_wconf 81' lang='grc' dir='ltr'><strong><em>μήτε</em></strong></span> <span class='ocrx_word' id='word_1_56' title='bbox 321 1779 511 1863; x_wconf 66' lang='grc' dir='ltr'><strong><em>προστιθεὶς</em></strong></span> <span class='ocrx_word' id='word_1_57' title='bbox 534 1777 617 1864; x_wconf 79' lang='grc' dir='ltr'><strong><em>μήτε</em></strong></span> <span class='ocrx_word' id='word_1_58' title='bbox 639 1767 805 1864; x_wconf 81' lang='grc' dir='ltr'>α’φαιρών.Ι</span> 
     </span>
    </p>

    <p class='ocr_par' dir='ltr' id='par_1_6' title="bbox 216 1882 829 2399">
     <span class='ocr_line' id='line_1_14' title="bbox 263 1882 828 1974; baseline -0.007 -22"><span class='ocrx_word' id='word_1_59' title='bbox 263 1889 313 1952; x_wconf 84' lang='grc'><strong>14.</strong></span> <span class='ocrx_word' id='word_1_60' title='bbox 349 1882 401 1948; x_wconf 82' lang='grc' dir='ltr'>Ἐν</span> <span class='ocrx_word' id='word_1_61' title='bbox 434 1882 584 1970; x_wconf 77' lang='grc' dir='ltr'><strong><em>ἐκκλησία</em></strong></span> <span class='ocrx_word' id='word_1_62' title='bbox 616 1883 828 1974; x_wconf 79' lang='grc' dir='ltr'><strong><em>ἐξομολογηση</em></strong></span> 
     </span>
     <span class='ocr_line' id='line_1_15' title="bbox 216 1987 829 2075; baseline -0.008 -21"><span class='ocrx_word' id='word_1_63' title='bbox 216 1987 256 2054; x_wconf 84' lang='grc' dir='ltr'>τὰ</span> <span class='ocrx_word' id='word_1_64' title='bbox 298 1991 557 2075; x_wconf 76' lang='grc' dir='ltr'><strong><em>παραπτώματα</em></strong></span> <span class='ocrx_word' id='word_1_65' title='bbox 598 2011 655 2056; x_wconf 91' lang='grc' dir='ltr'>σου</span> <span class='ocrx_word' id='word_1_66' title='bbox 698 1995 751 2056; x_wconf 88' lang='grc' dir='ltr'><strong><em>καῖ</em></strong></span> <span class='ocrx_word' id='word_1_67' title='bbox 790 1990 829 2056; x_wconf 81' lang='lat' dir='ltr'>od</span> 
     </span>
     <span class='ocr_line' id='line_1_16' title="bbox 217 2095 829 2186; baseline 0.002 -24"><span class='ocrx_word' id='word_1_68' title='bbox 217 2096 417 2186; x_wconf 84' lang='grc' dir='ltr'><strong><em>προσελείση</em></strong></span> <span class='ocrx_word' id='word_1_69' title='bbox 438 2095 495 2163; x_wconf 76' lang='grc' dir='ltr'><strong><em>ε’πῖ</em></strong></span> <span class='ocrx_word' id='word_1_70' title='bbox 516 2097 700 2185; x_wconf 81' lang='grc' dir='ltr'><strong><em>προσευχήν</em></strong></span> <span class='ocrx_word' id='word_1_71' title='bbox 716 2117 772 2163; x_wconf 91' lang='grc' dir='ltr'>σου</span> <span class='ocrx_word' id='word_1_72' title='bbox 793 2097 829 2164; x_wconf 82' lang='grc' dir='ltr'>ἐν</span> 
     </span>
     <span class='ocr_line' id='line_1_17' title="bbox 216 2201 828 2292; baseline -0.005 -22"><span class='ocrx_word' id='word_1_73' title='bbox 216 2204 396 2292; x_wconf 75' lang='grc' dir='ltr'><strong><em>συνειδήσει</em></strong></span> <span class='ocrx_word' id='word_1_74' title='bbox 415 2212 553 2291; x_wconf 76' lang='grc' dir='ltr'><strong><em>πονηρᾷ.</em></strong></span> <span class='ocrx_word' id='word_1_75' title='bbox 594 2201 679 2291; x_wconf 71' lang='grc' dir='ltr'><strong><em>Αὕτη</em></strong></span> <span class='ocrx_word' id='word_1_76' title='bbox 703 2203 788 2270; x_wconf 80' lang='grc' dir='ltr'><strong><em>ἐστὶν</em></strong></span> <span class='ocrx_word' id='word_1_77' title='bbox 810 2201 828 2291; x_wconf 75' lang='grc' dir='ltr'><em>ἡ</em></span> 
     </span>
     <span class='ocr_line' id='line_1_18' title="bbox 217 2306 474 2399; baseline 0 -23"><span class='ocrx_word' id='word_1_78' title='bbox 217 2306 287 2384; x_wconf 84' lang='grc' dir='ltr'><strong><em>ὃδδς</em></strong></span> <span class='ocrx_word' id='word_1_79' title='bbox 310 2319 363 2396; x_wconf 81' lang='grc' dir='ltr'><strong><em>της</em></strong></span> <span class='ocrx_word' id='word_1_80' title='bbox 388 2315 474 2399; x_wconf 79' lang='grc' dir='ltr'><strong><em>ζωῆς.</em></strong></span> 
     </span>
    </p>
   </div>
   <div class='ocr_carea' id='block_1_3' title="bbox 1437 421 1496 482">
    <p class='ocr_par' dir='ltr' id='par_1_7' title="bbox 1437 421 1496 482">
     <span class='ocr_line' id='line_1_19' title="bbox 1437 421 1496 482; baseline 0 0"><span class='ocrx_word' id='word_1_81' title='bbox 1437 421 1496 482; x_wconf 99' lang='grc'>111</span> 
     </span>
    </p>
   </div>
   <div class='ocr_carea' id='block_1_4' title="bbox 883 609 1498 1436">
    <p class='ocr_par' dir='ltr' id='par_1_8' title="bbox 883 609 1496 898">
     <span class='ocr_line' id='line_1_20' title="bbox 927 609 1493 690; baseline 0.007 -18"><span class='ocrx_word' id='word_1_82' title='bbox 927 628 991 672; x_wconf 86' lang='lat' dir='ltr'>ncn</span> <span class='ocrx_word' id='word_1_83' title='bbox 1008 609 1091 673; x_wconf 90' lang='lat' dir='ltr'>enim</span> <span class='ocrx_word' id='word_1_84' title='bbox 1106 609 1207 687; x_wconf 88' lang='lat' dir='ltr'>veuit,</span> <span class='ocrx_word' id='word_1_85' title='bbox 1225 615 1263 675; x_wconf 90' lang='lat' dir='ltr'>ut</span> <span class='ocrx_word' id='word_1_86' title='bbox 1278 630 1433 690; x_wconf 80' lang='lat' dir='ltr'><strong>personas</strong></span> <span class='ocrx_word' id='word_1_87' title='bbox 1448 613 1493 676; x_wconf 88' lang='lat' dir='ltr'>in·</span> 
     </span>
     <span class='ocr_line' id='line_1_21' title="bbox 883 714 1496 798; baseline 0.003 -16"><span class='ocrx_word' id='word_1_88' title='bbox 883 714 1020 792; x_wconf 86' lang='lat' dir='ltr'>vitaret,</span> <span class='ocrx_word' id='word_1_89' title='bbox 1053 716 1110 780; x_wconf 90' lang='lat' dir='ltr'>sed</span> <span class='ocrx_word' id='word_1_90' title='bbox 1140 715 1173 779; x_wconf 91' lang='lat' dir='ltr'>in</span> <span class='ocrx_word' id='word_1_91' title='bbox 1204 715 1318 795; x_wconf 86' lang='lat' dir='ltr'>quibus</span> <span class='ocrx_word' id='word_1_92' title='bbox 1347 718 1496 798; x_wconf 87' lang='lat' dir='ltr'>spiritum</span> 
     </span>
     <span class='ocr_line' id='line_1_22' title="bbox 883 820 1239 898; baseline 0.006 -14"><span class='ocrx_word' id='word_1_93' title='bbox 883 821 1085 898; x_wconf 77' lang='lat' dir='ltr'>(humilem)</span> <span class='ocrx_word' id='word_1_94' title='bbox 1105 820 1239 889; x_wconf 84' lang='lat' dir='ltr'>invenit.</span> 
     </span>
    </p>

    <p class='ocr_par' dir='ltr' id='par_1_9' title="bbox 883 928 1498 1223">
     <span class='ocr_line' id='line_1_23' title="bbox 931 928 1498 997; baseline 0.007 -4"><span class='ocrx_word' id='word_1_95' title='bbox 931 933 981 994; x_wconf 95' lang='grc'>11.</span> <span class='ocrx_word' id='word_1_96' title='bbox 1006 928 1072 993; x_wconf 84' lang='lat' dir='ltr'>Vos</span> <span class='ocrx_word' id='word_1_97' title='bbox 1103 935 1212 994; x_wconf 90' lang='lat' dir='ltr'>autem</span> <span class='ocrx_word' id='word_1_98' title='bbox 1244 930 1330 997; x_wconf 84' lang='lat' dir='ltr'>servi</span> <span class='ocrx_word' id='word_1_99' title='bbox 1361 931 1498 997; x_wconf 86' lang='lat' dir='ltr'>subiecti</span> 
     </span>
     <span class='ocr_line' id='line_1_24' title="bbox 884 1034 1496 1118; baseline 0.008 -20"><span class='ocrx_word' id='word_1_100' title='bbox 884 1034 1019 1100; x_wconf 83' lang='lat' dir='ltr'>donduis</span> <span class='ocrx_word' id='word_1_101' title='bbox 1051 1035 1172 1102; x_wconf 88' lang='lat' dir='ltr'>vestris</span> <span class='ocrx_word' id='word_1_102' title='bbox 1201 1042 1307 1102; x_wconf 80' lang='lat' dir='ltr'>estote</span> <span class='ocrx_word' id='word_1_103' title='bbox 1331 1042 1496 1118; x_wconf 75' lang='lat' dir='ltr'>tamquam</span> 
     </span>
     <span class='ocr_line' id='line_1_25' title="bbox 883 1141 1494 1223; baseline 0.005 -17"><span class='ocrx_word' id='word_1_104' title='bbox 883 1141 1006 1207; x_wconf 84' lang='lat' dir='ltr'>formae</span> <span class='ocrx_word' id='word_1_105' title='bbox 1016 1141 1068 1206; x_wconf 90' lang='lat' dir='ltr'>dei</span> <span class='ocrx_word' id='word_1_106' title='bbox 1082 1161 1153 1207; x_wconf 89' lang='lat' dir='ltr'>cum</span> <span class='ocrx_word' id='word_1_107' title='bbox 1163 1143 1285 1223; x_wconf 84' lang='lat' dir='ltr'>pudore</span> <span class='ocrx_word' id='word_1_108' title='bbox 1299 1148 1332 1209; x_wconf 90' lang='lat' dir='ltr'>et</span> <span class='ocrx_word' id='word_1_109' title='bbox 1344 1150 1494 1210; x_wconf 82' lang='lat' dir='ltr'>tremore.</span> 
     </span>
    </p>

    <p class='ocr_par' dir='ltr' id='par_1_10' title="bbox 885 1247 1496 1436">
     <span class='ocr_line' id='line_1_26' title="bbox 930 1247 1495 1316; baseline 0.004 -2"><span class='ocrx_word' id='word_1_110' title='bbox 930 1252 980 1314; x_wconf 88' lang='grc'>12.</span> <span class='ocrx_word' id='word_1_111' title='bbox 994 1247 1108 1313; x_wconf 85' lang='lat' dir='ltr'>Oderis</span> <span class='ocrx_word' id='word_1_112' title='bbox 1119 1268 1243 1314; x_wconf 89' lang='lat' dir='ltr'>omnem</span> <span class='ocrx_word' id='word_1_113' title='bbox 1256 1249 1495 1316; x_wconf 86' lang='lat' dir='ltr'>affectationem</span> 
     </span>
     <span class='ocr_line' id='line_1_27' title="bbox 885 1356 1496 1436; baseline 0.005 -17"><span class='ocrx_word' id='word_1_114' title='bbox 885 1360 919 1419; x_wconf 91' lang='lat' dir='ltr'>et</span> <span class='ocrx_word' id='word_1_115' title='bbox 934 1356 1019 1435; x_wconf 88' lang='lat' dir='ltr'>quod</span> <span class='ocrx_word' id='word_1_116' title='bbox 1031 1356 1089 1420; x_wconf 86' lang='lat' dir='ltr'>deo</span> <span class='ocrx_word' id='word_1_117' title='bbox 1102 1376 1165 1421; x_wconf 83' lang='lat' dir='ltr'>non</span> <span class='ocrx_word' id='word_1_118' title='bbox 1177 1357 1293 1436; x_wconf 88' lang='lat' dir='ltr'>placet,</span> <span class='ocrx_word' id='word_1_119' title='bbox 1311 1377 1374 1422; x_wconf 84' lang='lat' dir='ltr'>uon</span> <span class='ocrx_word' id='word_1_120' title='bbox 1386 1357 1496 1423; x_wconf 88' lang='lat' dir='ltr'>facies.</span> 
     </span>
    </p>
   </div>
   <div class='ocr_carea' id='block_1_5' title="bbox 883 1569 1497 2170">
    <p class='ocr_par' dir='ltr' id='par_1_11' title="bbox 883 1569 1497 1863">
     <span class='ocr_line' id='line_1_28' title="bbox 930 1569 1492 1651; baseline 0.004 -16"><span class='ocrx_word' id='word_1_121' title='bbox 930 1574 980 1635; x_wconf 84' lang='lat'>13.</span> <span class='ocrx_word' id='word_1_122' title='bbox 1022 1569 1156 1634; x_wconf 78' lang='lat' dir='ltr'>Custodi</span> <span class='ocrx_word' id='word_1_123' title='bbox 1189 1589 1273 1651; x_wconf 82' lang='lat' dir='ltr'>ergo,</span> <span class='ocrx_word' id='word_1_124' title='bbox 1307 1570 1369 1648; x_wconf 88' lang='lat' dir='ltr'>fili,</span> <span class='ocrx_word' id='word_1_125' title='bbox 1409 1590 1492 1650; x_wconf 89' lang='lat' dir='ltr'>quae</span> 
     </span>
     <span class='ocr_line' id='line_1_29' title="bbox 883 1675 1497 1757; baseline 0.003 -17"><span class='ocrx_word' id='word_1_126' title='bbox 883 1675 1004 1741; x_wconf 88' lang='lat' dir='ltr'>audisti</span> <span class='ocrx_word' id='word_1_127' title='bbox 1026 1696 1131 1756; x_wconf 86' lang='lat' dir='ltr'>neque</span> <span class='ocrx_word' id='word_1_128' title='bbox 1161 1696 1302 1757; x_wconf 83' lang='lat' dir='ltr'>appones</span> <span class='ocrx_word' id='word_1_129' title='bbox 1332 1677 1395 1743; x_wconf 87' lang='lat' dir='ltr'>illis</span> <span class='ocrx_word' id='word_1_130' title='bbox 1427 1697 1497 1742; x_wconf 88' lang='lat' dir='ltr'>con·</span> 
     </span>
     <span class='ocr_line' id='line_1_30' title="bbox 884 1783 1304 1863; baseline 0.002 -16"><span class='ocrx_word' id='word_1_131' title='bbox 884 1783 986 1847; x_wconf 85' lang='lat' dir='ltr'>traria</span> <span class='ocrx_word' id='word_1_132' title='bbox 1009 1802 1114 1863; x_wconf 89' lang='lat' dir='ltr'>neque</span> <span class='ocrx_word' id='word_1_133' title='bbox 1137 1783 1304 1849; x_wconf 77' lang='lat' dir='ltr'><strong>diminues,</strong></span> 
     </span>
    </p>

    <p class='ocr_par' dir='ltr' id='par_1_12' title="bbox 883 1890 1497 2170">
     <span class='ocr_line' id='line_1_31' title="bbox 930 1890 1497 1956; baseline -0.002 0"><span class='ocrx_word' id='word_1_134' title='bbox 930 1893 980 1956; x_wconf 85' lang='grc'><strong>14.</strong></span> <span class='ocrx_word' id='word_1_135' title='bbox 1012 1890 1085 1953; x_wconf 83' lang='lat' dir='ltr'>Non</span> <span class='ocrx_word' id='word_1_136' title='bbox 1104 1890 1239 1955; x_wconf 81' lang='lat' dir='ltr'>accedas</span> <span class='ocrx_word' id='word_1_137' title='bbox 1262 1891 1497 1956; x_wconf 82' lang='lat' dir='ltr'>adorationem</span> 
     </span>
     <span class='ocr_line' id='line_1_32' title="bbox 883 1996 1494 2063; baseline 0 -1"><span class='ocrx_word' id='word_1_138' title='bbox 883 2017 955 2062; x_wconf 90' lang='lat' dir='ltr'>cum</span> <span class='ocrx_word' id='word_1_139' title='bbox 979 1996 1175 2061; x_wconf 86' lang='lat' dir='ltr'>conscientia</span> <span class='ocrx_word' id='word_1_140' title='bbox 1197 1999 1291 2062; x_wconf 87' lang='lat' dir='ltr'>mala.</span> <span class='ocrx_word' id='word_1_141' title='bbox 1329 1999 1421 2062; x_wconf 87' lang='lat' dir='ltr'>Haec</span> <span class='ocrx_word' id='word_1_142' title='bbox 1442 2003 1494 2063; x_wconf 89' lang='lat' dir='ltr'>est</span> 
     </span>
     <span class='ocr_line' id='line_1_33' title="bbox 883 2103 1058 2170; baseline -0.011 0"><span class='ocrx_word' id='word_1_143' title='bbox 883 2103 937 2170; x_wconf 84' lang='lat' dir='ltr'>via</span> <span class='ocrx_word' id='word_1_144' title='bbox 960 2103 1058 2170; x_wconf 86' lang='lat' dir='ltr'>vitae.</span> 
     </span>
    </p>
   </div>
   <div class='ocr_carea' id='block_1_6' title="bbox 558 2421 1154 2612">
    <p class='ocr_par' dir='ltr' id='par_1_13' title="bbox 558 2421 1154 2612">
     <span class='ocr_line' id='line_1_34' title="bbox 772 2421 940 2487; baseline 0 -1"><span class='ocrx_word' id='word_1_145' title='bbox 772 2421 817 2487; x_wconf 79' lang='lat' dir='ltr'>Oa</span> <span class='ocrx_word' id='word_1_146' title='bbox 840 2427 878 2486; x_wconf 91' lang='lat' dir='ltr'>ut</span> <span class='ocrx_word' id='word_1_147' title='bbox 900 2423 940 2487; x_wconf 89' lang='lat' dir='ltr'>V.</span> 
     </span>
     <span class='ocr_line' id='line_1_35' title="bbox 558 2443 1154 2612; baseline 0.003 -2"><span class='ocrx_word' id='word_1_148' title='bbox 558 2546 636 2610; x_wconf 84' lang='lat' dir='ltr'>VIA</span> <span class='ocrx_word' id='word_1_149' title='bbox 659 2443 1154 2612; x_wconf 66' lang='lat' dir='ltr'>MORTISPDESCRIBITUR.</span> 
     </span>
    </p>
   </div>
   <div class='ocr_carea' id='block_1_7' title="bbox 215 2664 830 4466">
    <p class='ocr_par' dir='ltr' id='par_1_14' title="bbox 216 2664 830 2969">
     <span class='ocr_line' id='line_1_36' title="bbox 263 2664 830 2741; baseline -0.011 -3"><span class='ocrx_word' id='word_1_150' title='bbox 263 2676 290 2738; x_wconf 93' lang='grc'><strong>1.</strong></span> <span class='ocrx_word' id='word_1_151' title='bbox 341 2664 390 2732; x_wconf 87' lang='grc' dir='ltr'><strong>Ἤ</strong></span> <span class='ocrx_word' id='word_1_152' title='bbox 419 2671 454 2734; x_wconf 79' lang='grc' dir='ltr'>δὲ</span> <span class='ocrx_word' id='word_1_153' title='bbox 486 2674 544 2734; x_wconf 83' lang='grc' dir='ltr'>τοῦ</span> <span class='ocrx_word' id='word_1_154' title='bbox 576 2667 724 2733; x_wconf 64' lang='grc' dir='ltr'><strong><em>θανάτου</em></strong></span> <span class='ocrx_word' id='word_1_155' title='bbox 759 2665 830 2741; x_wconf 82' lang='grc' dir='ltr'><strong><em>ὁδός</em></strong></span> 
     </span>
     <span class='ocr_line' id='line_1_37' title="bbox 217 2771 829 2862; baseline 0.002 -23"><span class='ocrx_word' id='word_1_156' title='bbox 217 2772 303 2840; x_wconf 84' lang='grc' dir='ltr'><strong><em>ἐστιν</em></strong></span> <span class='ocrx_word' id='word_1_157' title='bbox 343 2771 437 2860; x_wconf 71' lang='grc' dir='ltr'><strong><em>αὕτη·</em></strong></span> <span class='ocrx_word' id='word_1_158' title='bbox 481 2781 611 2862; x_wconf 83' lang='grc' dir='ltr'><strong><em>πρώτον</em></strong></span> <span class='ocrx_word' id='word_1_159' title='bbox 647 2773 829 2857; x_wconf 85' lang='grc' dir='ltr'><strong><em>&lt;πιίντων&gt;</em></strong></span> 
     </span>
     <span class='ocr_line' id='line_1_38' title="bbox 216 2879 827 2969; baseline -0.003 -24"><span class='ocrx_word' id='word_1_160' title='bbox 216 2879 346 2968; x_wconf 82' lang='grc' dir='ltr'><strong><em>πονηρά</em></strong></span> <span class='ocrx_word' id='word_1_161' title='bbox 369 2879 436 2946; x_wconf 81' lang='grc' dir='ltr'><strong><em>ἐστι</em></strong></span> <span class='ocrx_word' id='word_1_162' title='bbox 459 2885 513 2946; x_wconf 80' lang='grc' dir='ltr'><strong><em>καὶ</em></strong></span> <span class='ocrx_word' id='word_1_163' title='bbox 542 2881 682 2969; x_wconf 77' lang='grc' dir='ltr'><strong><em>κατάρας</em></strong></span> <span class='ocrx_word' id='word_1_164' title='bbox 712 2881 827 2968; x_wconf 82' lang='grc' dir='ltr'><strong><em>μεστη·</em></strong></span> 
     </span>
    </p>

    <p class='ocr_par' dir='ltr' id='par_1_15' title="bbox 215 2987 827 3395">
     <span class='ocr_line' id='line_1_39' title="bbox 260 2987 825 3073; baseline 0.004 -22"><span class='ocrx_word' id='word_1_165' title='bbox 260 2987 365 3071; x_wconf 89' lang='grc' dir='ltr'><strong><em>φόνοι,</em></strong></span> <span class='ocrx_word' id='word_1_166' title='bbox 378 2998 530 3071; x_wconf 84' lang='grc' dir='ltr'><strong><em>μοιχεῖαι,</em></strong></span> <span class='ocrx_word' id='word_1_167' title='bbox 543 2988 732 3071; x_wconf 70' lang='grc' dir='ltr'><strong><em>ἐπιθυμίαι,</em></strong></span> <span class='ocrx_word' id='word_1_168' title='bbox 747 3015 825 3073; x_wconf 91' lang='grc' dir='ltr'><strong><em>πορ-</em></strong></span> 
     </span>
     <span class='ocr_line' id='line_1_40' title="bbox 215 3095 826 3181; baseline 0.002 -21"><span class='ocrx_word' id='word_1_169' title='bbox 215 3105 315 3175; x_wconf 85' lang='grc' dir='ltr'><strong><em>νεῖαι,</em></strong></span> <span class='ocrx_word' id='word_1_170' title='bbox 359 3098 484 3160; x_wconf 87' lang='grc' dir='ltr'><strong><em>κλοπαί</em></strong></span> <span class='ocrx_word' id='word_1_171' title='bbox 493 3095 514 3174; x_wconf 76' lang='lat'>²,</span> <span class='ocrx_word' id='word_1_172' title='bbox 551 3096 826 3181; x_wconf 65' lang='grc' dir='ltr'><strong><em>εἷδωλολατρίαιᾱ,</em></strong></span> 
     </span>
     <span class='ocr_line' id='line_1_41' title="bbox 215 3198 827 3290; baseline 0.002 -24"><span class='ocrx_word' id='word_1_173' title='bbox 215 3211 361 3283; x_wconf 83' lang='grc' dir='ltr'><strong><em>μαγεῖαι,</em></strong></span> <span class='ocrx_word' id='word_1_174' title='bbox 404 3208 618 3288; x_wconf 65' lang='grc' dir='ltr'><strong><em>φαρμακίαιθ,</em></strong></span> <span class='ocrx_word' id='word_1_175' title='bbox 665 3198 827 3290; x_wconf 80' lang='grc' dir='ltr'><strong><em>ἁρπαγαί,</em></strong></span> 
     </span>
     <span class='ocr_line' id='line_1_42' title="bbox 217 3304 727 3395; baseline 0.004 -23"><span class='ocrx_word' id='word_1_176' title='bbox 217 3311 506 3395; x_wconf 79' lang='grc' dir='ltr'><strong><em>ψευδομαρτυρίαι,</em></strong></span> <span class='ocrx_word' id='word_1_177' title='bbox 531 3304 727 3395; x_wconf 76' lang='grc' dir='ltr'><strong><em>ὑποκρίσεις,</em></strong></span> 
     </span>
    </p>

    <p class='ocr_par' dir='ltr' id='par_1_16' title="bbox 215 3411 826 3812">
     <span class='ocr_line' id='line_1_43' title="bbox 261 3411 825 3503; baseline 0 -23"><span class='ocrx_word' id='word_1_178' title='bbox 261 3418 483 3501; x_wconf 86' lang='grc' dir='ltr'><strong><em>διπλοκαρδία,</em></strong></span> <span class='ocrx_word' id='word_1_179' title='bbox 496 3414 594 3494; x_wconf 82' lang='grc' dir='ltr'><strong><em>δόλος,</em></strong></span> <span class='ocrx_word' id='word_1_180' title='bbox 605 3411 825 3503; x_wconf 79' lang='grc' dir='ltr'><strong><em>ὑπερηφανία,</em></strong></span> 
     </span>
     <span class='ocr_line' id='line_1_44' title="bbox 215 3521 826 3608; baseline 0 -21"><span class='ocrx_word' id='word_1_181' title='bbox 215 3529 321 3600; x_wconf 89' lang='grc' dir='ltr'><strong><em>κακία,</em></strong></span> <span class='ocrx_word' id='word_1_182' title='bbox 331 3521 503 3601; x_wconf 74' lang='grc' dir='ltr'><strong><em>αδδοίδεια,</em></strong></span> <span class='ocrx_word' id='word_1_183' title='bbox 512 3525 695 3601; x_wconf 85' lang='grc' dir='ltr'><strong><em>πλεονεξία,</em></strong></span> <span class='ocrx_word' id='word_1_184' title='bbox 704 3525 826 3608; x_wconf 84' lang='grc' dir='ltr'><strong><em>αἰσχρο-</em></strong></span> 
     </span>
     <span class='ocr_line' id='line_1_45' title="bbox 215 3628 824 3718; baseline 0.002 -24"><span class='ocrx_word' id='word_1_185' title='bbox 215 3631 331 3711; x_wconf 58' lang='grc' dir='ltr'><strong><em>λογίαῧ,</em></strong></span> <span class='ocrx_word' id='word_1_186' title='bbox 340 3632 528 3717; x_wconf 86' lang='grc' dir='ltr'><strong><em>ζηλοτυπία,</em></strong></span> <span class='ocrx_word' id='word_1_187' title='bbox 540 3628 712 3716; x_wconf 76' lang='grc' dir='ltr'><strong><em>θρασύτης,</em></strong></span> <span class='ocrx_word' id='word_1_188' title='bbox 731 3629 824 3718; x_wconf 72' lang='grc' dir='ltr'><strong><em>ὕφος,</em></strong></span> 
     </span>
     <span class='ocr_line' id='line_1_46' title="bbox 215 3738 396 3812; baseline -0.006 -10"><span class='ocrx_word' id='word_1_189' title='bbox 215 3738 396 3812; x_wconf 75' lang='grc' dir='ltr'><strong><em>ἀλαζονεία.</em></strong></span> 
     </span>
    </p>

    <p class='ocr_par' dir='ltr' id='par_1_17' title="bbox 215 3841 826 4466">
     <span class='ocr_line' id='line_1_47' title="bbox 260 3841 826 3927; baseline -0.004 -15"><span class='ocrx_word' id='word_1_190' title='bbox 260 3853 290 3912; x_wconf 87' lang='grc'>2.</span> <span class='ocrx_word' id='word_1_191' title='bbox 315 3851 458 3910; x_wconf 86' lang='grc' dir='ltr'><strong><em>Διώκται</em></strong></span> <span class='ocrx_word' id='word_1_192' title='bbox 473 3841 639 3924; x_wconf 53' lang='lat' dir='ltr'>drasam,</span> <span class='ocrx_word' id='word_1_193' title='bbox 657 3851 826 3927; x_wconf 82' lang='grc' dir='ltr'><strong><em>μισοῦντες</em></strong></span> 
     </span>
     <span class='ocr_line' id='line_1_48' title="bbox 216 3949 825 4037; baseline 0 -21"><span class='ocrx_word' id='word_1_194' title='bbox 216 3949 386 4037; x_wconf 74' lang='grc' dir='ltr'><strong><em>ἀλήθειαν,</em></strong></span> <span class='ocrx_word' id='word_1_195' title='bbox 413 3949 602 4032; x_wconf 80' lang='grc' dir='ltr'><strong><em>ἀγαπῶντες</em></strong></span> <span class='ocrx_word' id='word_1_196' title='bbox 627 3954 758 4037; x_wconf 79' lang='grc' dir='ltr'><strong><em>ψεῦδος,</em></strong></span> <span class='ocrx_word' id='word_1_197' title='bbox 788 3950 825 4016; x_wconf 82' lang='grc' dir='ltr'>οδ</span> 
     </span>
     <span class='ocr_line' id='line_1_49' title="bbox 215 4055 824 4145; baseline -0.002 -22"><span class='ocrx_word' id='word_1_198' title='bbox 215 4057 421 4140; x_wconf 78' lang='grc' dir='ltr'><strong><em>γινώσκοντες</em></strong></span> <span class='ocrx_word' id='word_1_199' title='bbox 451 4055 571 4140; x_wconf 67' lang='grc' dir='ltr'><strong><em>μισθὸν</em></strong></span> <span class='ocrx_word' id='word_1_200' title='bbox 595 4057 824 4145; x_wconf 64' lang='grc' dir='ltr'><strong><em>δικαιοσύνηςῧ,</em></strong></span> 
     </span>
     <span class='ocr_line' id='line_1_50' title="bbox 215 4162 826 4252; baseline 0.002 -23"><span class='ocrx_word' id='word_1_201' title='bbox 215 4165 252 4229; x_wconf 81' lang='grc' dir='ltr'>οὐ</span> <span class='ocrx_word' id='word_1_202' title='bbox 268 4163 464 4246; x_wconf 73' lang='grc' dir='ltr'><strong><em>κολλώμενοι</em></strong></span> <span class='ocrx_word' id='word_1_203' title='bbox 485 4162 619 4252; x_wconf 69' lang='grc' dir='ltr'>ἀγαθῷ6</span> <span class='ocrx_word' id='word_1_204' title='bbox 635 4162 710 4230; x_wconf 77' lang='grc' dir='ltr'><strong><em>οὐδὲ</em></strong></span> <span class='ocrx_word' id='word_1_205' title='bbox 725 4171 826 4251; x_wconf 91' lang='grc' dir='ltr'><strong><em>κρίσει</em></strong></span> 
     </span>
     <span class='ocr_line' id='line_1_51' title="bbox 215 4269 825 4357; baseline 0 -21"><span class='ocrx_word' id='word_1_206' title='bbox 215 4275 333 4357; x_wconf 78' lang='grc' dir='ltr'><strong><em>δικαίη,</em></strong></span> <span class='ocrx_word' id='word_1_207' title='bbox 365 4269 606 4356; x_wconf 80' lang='grc' dir='ltr'><strong><em>υἷγρυπνοῖιντες</em></strong></span> <span class='ocrx_word' id='word_1_208' title='bbox 635 4269 692 4336; x_wconf 82' lang='grc' dir='ltr'>οὐκ</span> <span class='ocrx_word' id='word_1_209' title='bbox 722 4273 766 4344; x_wconf 89' lang='grc' dir='ltr'>είς</span> <span class='ocrx_word' id='word_1_210' title='bbox 789 4270 825 4336; x_wconf 86' lang='grc' dir='ltr'>τδ</span> 
     </span>
     <span class='ocr_line' id='line_1_52' title="bbox 215 4375 756 4466; baseline 0.004 -24"><span class='ocrx_word' id='word_1_211' title='bbox 215 4376 351 4459; x_wconf 74' lang='grc' dir='ltr'><strong><em>ἀγαθόν,</em></strong></span> <span class='ocrx_word' id='word_1_212' title='bbox 376 4376 446 4443; x_wconf 80' lang='grc' dir='ltr'><strong><em>ἄλλ’</em></strong></span> <span class='ocrx_word' id='word_1_213' title='bbox 472 4379 516 4451; x_wconf 87' lang='grc' dir='ltr'>είς</span> <span class='ocrx_word' id='word_1_214' title='bbox 539 4375 575 4442; x_wconf 87' lang='grc' dir='ltr'>τὸ</span> <span class='ocrx_word' id='word_1_215' title='bbox 601 4379 756 4466; x_wconf 88' lang='grc' dir='ltr'><strong><em>πονηρόν.</em></strong></span> 
     </span>
    </p>
   </div>
   <div class='ocr_carea' id='block_1_8' title="bbox 879 2671 1496 4561">
    <p class='ocr_par' dir='ltr' id='par_1_18' title="bbox 883 2671 1496 2966">
     <span class='ocr_line' id='line_1_53' title="bbox 930 2671 1495 2741; baseline -0.004 -3"><span class='ocrx_word' id='word_1_216' title='bbox 930 2676 958 2738; x_wconf 93' lang='grc'><strong>1.</strong></span> <span class='ocrx_word' id='word_1_217' title='bbox 1006 2673 1122 2737; x_wconf 81' lang='lat' dir='ltr'>Mortis</span> <span class='ocrx_word' id='word_1_218' title='bbox 1146 2680 1256 2738; x_wconf 85' lang='lat' dir='ltr'>autem</span> <span class='ocrx_word' id='word_1_219' title='bbox 1279 2671 1334 2741; x_wconf 81' lang='lat' dir='ltr'>uia</span> <span class='ocrx_word' id='word_1_220' title='bbox 1367 2678 1418 2738; x_wconf 88' lang='lat' dir='ltr'>est</span> <span class='ocrx_word' id='word_1_221' title='bbox 1449 2672 1495 2737; x_wconf 92' lang='lat' dir='ltr'>illi</span> 
     </span>
     <span class='ocr_line' id='line_1_54' title="bbox 884 2779 1496 2859; baseline 0.002 -16"><span class='ocrx_word' id='word_1_222' title='bbox 884 2779 1056 2844; x_wconf 82' lang='lat' dir='ltr'>contraria.</span> <span class='ocrx_word' id='word_1_223' title='bbox 1109 2779 1253 2845; x_wconf 87' lang='lat' dir='ltr'>Primum</span> <span class='ocrx_word' id='word_1_224' title='bbox 1285 2799 1423 2859; x_wconf 86' lang='lat' dir='ltr'>nequam</span> <span class='ocrx_word' id='word_1_225' title='bbox 1462 2785 1496 2844; x_wconf 90' lang='lat' dir='ltr'>et</span> 
     </span>
     <span class='ocr_line' id='line_1_55' title="bbox 883 2886 1200 2966; baseline 0.003 -17"><span class='ocrx_word' id='word_1_226' title='bbox 883 2886 1063 2951; x_wconf 89' lang='lat' dir='ltr'>maledictis</span> <span class='ocrx_word' id='word_1_227' title='bbox 1087 2886 1200 2966; x_wconf 88' lang='lat' dir='ltr'>plena:</span> 
     </span>
    </p>

    <p class='ocr_par' dir='ltr' id='par_1_19' title="bbox 881 2991 1496 3499">
     <span class='ocr_line' id='line_1_56' title="bbox 928 2991 1496 3072; baseline 0.005 -17"><span class='ocrx_word' id='word_1_228' title='bbox 928 2992 1176 3071; x_wconf 78' lang='lat' dir='ltr'>moechationes</span> <span class='ocrx_word' id='word_1_229' title='bbox 1201 2991 1379 3072; x_wconf 79' lang='lat' dir='ltr'>homicidia,</span> <span class='ocrx_word' id='word_1_230' title='bbox 1412 2993 1496 3059; x_wconf 87' lang='lat' dir='ltr'>falsa</span> 
     </span>
     <span class='ocr_line' id='line_1_57' title="bbox 883 3099 1495 3179; baseline 0.003 -16"><span class='ocrx_word' id='word_1_231' title='bbox 883 3099 1083 3177; x_wconf 84' lang='lat' dir='ltr'>testimonia,</span> <span class='ocrx_word' id='word_1_232' title='bbox 1123 3099 1367 3179; x_wconf 84' lang='lat' dir='ltr'>fornicationes,</span> <span class='ocrx_word' id='word_1_233' title='bbox 1416 3100 1495 3166; x_wconf 88' lang='lat' dir='ltr'>desi-</span> 
     </span>
     <span class='ocr_line' id='line_1_58' title="bbox 883 3206 1494 3288; baseline 0.005 -19"><span class='ocrx_word' id='word_1_234' title='bbox 883 3206 973 3270; x_wconf 88' lang='lat' dir='ltr'>deria</span> <span class='ocrx_word' id='word_1_235' title='bbox 982 3207 1076 3284; x_wconf 88' lang='lat' dir='ltr'>mala,</span> <span class='ocrx_word' id='word_1_236' title='bbox 1089 3207 1241 3288; x_wconf 78' lang='lat' dir='ltr'>magicae,</span> <span class='ocrx_word' id='word_1_237' title='bbox 1259 3207 1494 3272; x_wconf 88' lang='lat' dir='ltr'>medicamenta</span> 
     </span>
     <span class='ocr_line' id='line_1_59' title="bbox 882 3301 1493 3394; baseline 0.003 -18"><span class='ocrx_word' id='word_1_238' title='bbox 882 3312 1000 3392; x_wconf 89' lang='lat' dir='ltr'>iniqua,</span> <span class='ocrx_word' id='word_1_239' title='bbox 1011 3312 1110 3390; x_wconf 86' lang='lat' dir='ltr'>furta,</span> <span class='ocrx_word' id='word_1_240' title='bbox 1120 3332 1225 3379; x_wconf 90' lang='lat' dir='ltr'>vanae</span> <span class='ocrx_word' id='word_1_241' title='bbox 1236 3301 1493 3394; x_wconf 82' lang='lat' dir='ltr'>superstitiones,</span> 
     </span>
     <span class='ocr_line' id='line_1_60' title="bbox 881 3419 1449 3499; baseline 0.002 -16"><span class='ocrx_word' id='word_1_242' title='bbox 881 3419 1023 3499; x_wconf 80' lang='lat' dir='ltr'>rapinae,</span> <span class='ocrx_word' id='word_1_243' title='bbox 1050 3419 1282 3494; x_wconf 87' lang='lat' dir='ltr'>affectationes,</span> <span class='ocrx_word' id='word_1_244' title='bbox 1308 3419 1449 3498; x_wconf 90' lang='lat' dir='ltr'>fastidia,</span> 
     </span>
    </p>

    <p class='ocr_par' dir='ltr' id='par_1_20' title="bbox 880 3525 1492 3819">
     <span class='ocr_line' id='line_1_61' title="bbox 927 3525 1492 3607; baseline 0.004 -18"><span class='ocrx_word' id='word_1_245' title='bbox 927 3525 1063 3603; x_wconf 90' lang='lat' dir='ltr'>malitia,</span> <span class='ocrx_word' id='word_1_246' title='bbox 1096 3527 1294 3606; x_wconf 80' lang='lat' dir='ltr'>petulantia,</span> <span class='ocrx_word' id='word_1_247' title='bbox 1324 3526 1492 3607; x_wconf 73' lang='lat' dir='ltr'>cupiditas,</span> 
     </span>
     <span class='ocr_line' id='line_1_62' title="bbox 880 3632 1492 3713; baseline 0.003 -17"><span class='ocrx_word' id='word_1_248' title='bbox 880 3632 1041 3713; x_wconf 88' lang='lat' dir='ltr'>impudica</span> <span class='ocrx_word' id='word_1_249' title='bbox 1065 3634 1200 3712; x_wconf 82' lang='lat' dir='ltr'>loquela,</span> <span class='ocrx_word' id='word_1_250' title='bbox 1226 3634 1323 3711; x_wconf 77' lang='lat' dir='ltr'>zeluS,</span> <span class='ocrx_word' id='word_1_251' title='bbox 1349 3633 1492 3711; x_wconf 90' lang='lat' dir='ltr'>audacia,</span> 
     </span>
     <span class='ocr_line' id='line_1_63' title="bbox 883 3739 1381 3819; baseline 0.002 -16"><span class='ocrx_word' id='word_1_252' title='bbox 883 3739 1042 3819; x_wconf 84' lang='lat' dir='ltr'>superbia,</span> <span class='ocrx_word' id='word_1_253' title='bbox 1068 3740 1215 3818; x_wconf 75' lang='lat' dir='ltr'>altitudo,</span> <span class='ocrx_word' id='word_1_254' title='bbox 1241 3741 1381 3807; x_wconf 86' lang='lat' dir='ltr'>vanitas.</span> 
     </span>
    </p>

    <p class='ocr_par' dir='ltr' id='par_1_21' title="bbox 879 3845 1494 4561">
     <span class='ocr_line' id='line_1_64' title="bbox 927 3845 1494 3927; baseline 0 -17"><span class='ocrx_word' id='word_1_255' title='bbox 927 3851 956 3910; x_wconf 86' lang='lat'>2.</span> <span class='ocrx_word' id='word_1_256' title='bbox 988 3845 1093 3910; x_wconf 91' lang='lat' dir='ltr'>Deum</span> <span class='ocrx_word' id='word_1_257' title='bbox 1129 3866 1192 3911; x_wconf 86' lang='lat' dir='ltr'>non</span> <span class='ocrx_word' id='word_1_258' title='bbox 1227 3847 1389 3924; x_wconf 73' lang='lat' dir='ltr'>timentes</span> <span class='ocrx_word' id='word_1_259' title='bbox 1425 3867 1494 3927; x_wconf 89' lang='lat' dir='ltr'>per·</span> 
     </span>
     <span class='ocr_line' id='line_1_65' title="bbox 882 3954 1493 4034; baseline 0 -16"><span class='ocrx_word' id='word_1_260' title='bbox 882 3961 1055 4034; x_wconf 86' lang='lat' dir='ltr'>sequentes</span> <span class='ocrx_word' id='word_1_261' title='bbox 1085 3956 1199 4031; x_wconf 82' lang='lat' dir='ltr'>bonos,</span> <span class='ocrx_word' id='word_1_262' title='bbox 1233 3954 1304 4018; x_wconf 84' lang='lat' dir='ltr'>odic</span> <span class='ocrx_word' id='word_1_263' title='bbox 1335 3955 1493 4018; x_wconf 88' lang='lat' dir='ltr'>habentes</span> 
     </span>
     <span class='ocr_line' id='line_1_66' title="bbox 881 4060 1491 4138; baseline -0.008 -10"><span class='ocrx_word' id='word_1_264' title='bbox 881 4061 1065 4138; x_wconf 84' lang='lat' dir='ltr'>veritatem,</span> <span class='ocrx_word' id='word_1_265' title='bbox 1102 4067 1250 4125; x_wconf 86' lang='lat' dir='ltr'>amantes</span> <span class='ocrx_word' id='word_1_266' title='bbox 1281 4060 1491 4137; x_wconf 87' lang='lat' dir='ltr'>mendacium,</span> 
     </span>
     <span class='ocr_line' id='line_1_67' title="bbox 880 4167 1492 4244; baseline -0.002 -13"><span class='ocrx_word' id='word_1_267' title='bbox 880 4187 944 4232; x_wconf 85' lang='lat' dir='ltr'>nou</span> <span class='ocrx_word' id='word_1_268' title='bbox 968 4168 1107 4232; x_wconf 87' lang='lat' dir='ltr'>scientes</span> <span class='ocrx_word' id='word_1_269' title='bbox 1131 4167 1310 4232; x_wconf 85' lang='lat' dir='ltr'>mercedem</span> <span class='ocrx_word' id='word_1_270' title='bbox 1331 4167 1492 4244; x_wconf 85' lang='lat' dir='ltr'>ueritatis,</span> 
     </span>
     <span class='ocr_line' id='line_1_68' title="bbox 881 4274 1494 4355; baseline -0.002 -17"><span class='ocrx_word' id='word_1_271' title='bbox 881 4293 943 4338; x_wconf 86' lang='lat' dir='ltr'>uun</span> <span class='ocrx_word' id='word_1_272' title='bbox 980 4275 1179 4355; x_wconf 88' lang='lat' dir='ltr'>applicantes</span> <span class='ocrx_word' id='word_1_273' title='bbox 1213 4294 1248 4338; x_wconf 88' lang='lat' dir='ltr'>se</span> <span class='ocrx_word' id='word_1_274' title='bbox 1281 4274 1389 4352; x_wconf 84' lang='lat' dir='ltr'>bouis,</span> <span class='ocrx_word' id='word_1_275' title='bbox 1430 4292 1494 4337; x_wconf 86' lang='lat' dir='ltr'>nun</span> 
     </span>
     <span class='ocr_line' id='line_1_69' title="bbox 879 4380 1493 4462; baseline -0.002 -17"><span class='ocrx_word' id='word_1_276' title='bbox 879 4383 1038 4445; x_wconf 89' lang='lat' dir='ltr'>habentes</span> <span class='ocrx_word' id='word_1_277' title='bbox 1050 4381 1201 4446; x_wconf 88' lang='lat' dir='ltr'>iudicium</span> <span class='ocrx_word' id='word_1_278' title='bbox 1213 4381 1343 4459; x_wconf 88' lang='lat' dir='ltr'>iustum,</span> <span class='ocrx_word' id='word_1_279' title='bbox 1358 4380 1493 4462; x_wconf 80' lang='lat' dir='ltr'>pervigi-</span> 
     </span>
     <span class='ocr_line' id='line_1_70' title="bbox 879 4487 1492 4561; baseline -0.002 -9"><span class='ocrx_word' id='word_1_280' title='bbox 879 4489 986 4552; x_wconf 85' lang='lat' dir='ltr'>lantes</span> <span class='ocrx_word' id='word_1_281' title='bbox 1007 4507 1071 4552; x_wconf 89' lang='lat' dir='ltr'>ucn</span> <span class='ocrx_word' id='word_1_282' title='bbox 1091 4487 1124 4550; x_wconf 86' lang='lat' dir='ltr'>in</span> <span class='ocrx_word' id='word_1_283' title='bbox 1144 4489 1237 4561; x_wconf 86' lang='lat' dir='ltr'>bono,</span> <span class='ocrx_word' id='word_1_284' title='bbox 1268 4487 1378 4557; x_wconf 88' lang='lat' dir='ltr'>sedin</span> <span class='ocrx_word' id='word_1_285' title='bbox 1399 4488 1492 4551; x_wconf 84' lang='lat' dir='ltr'>malo.</span> 
     </span>
    </p>
   </div>
   <div class='ocr_carea' id='block_1_9' title="bbox 213 4624 1491 4789">
    <p class='ocr_par' dir='ltr' id='par_1_22' title="bbox 213 4624 1491 4789">
     <span class='ocr_line' id='line_1_71' title="bbox 303 4624 1491 4700; baseline 0 -20"><span class='ocrx_word' id='word_1_286' title='bbox 303 4641 316 4668; x_wconf 71' lang='lat' dir='ltr'>a</span> <span class='ocrx_word' id='word_1_287' title='bbox 338 4632 363 4681; x_wconf 85' lang='grc' dir='ltr'>οἱ</span> <span class='ocrx_word' id='word_1_288' title='bbox 388 4631 478 4682; x_wconf 83' lang='grc' dir='ltr'><strong><em>δοῦλοι</em></strong></span> <span class='ocrx_word' id='word_1_289' title='bbox 503 4630 661 4697; x_wconf 87' lang='lat' dir='ltr'>Bryennics,</span> <span class='ocrx_word' id='word_1_290' title='bbox 687 4631 823 4695; x_wconf 84' lang='lat' dir='ltr'>Harnack,</span> <span class='ocrx_word' id='word_1_291' title='bbox 842 4631 922 4684; x_wconf 86' lang='lat' dir='ltr'>Funk</span> <span class='ocrx_word' id='word_1_292' title='bbox 941 4630 1044 4696; x_wconf 87' lang='lat' dir='ltr'>etalii,</span> <span class='ocrx_word' id='word_1_293' title='bbox 1066 4627 1128 4682; x_wconf 82' lang='lat' dir='ltr'>Ocd.</span> <span class='ocrx_word' id='word_1_294' title='bbox 1149 4627 1248 4681; x_wconf 70' lang='grc' dir='ltr'>δούλου.</span> <span class='ocrx_word' id='word_1_295' title='bbox 1293 4630 1308 4668; x_wconf 86' lang='lat' dir='ltr'>b</span> <span class='ocrx_word' id='word_1_296' title='bbox 1331 4624 1409 4700; x_wconf 75' lang='grc' dir='ltr'>ἡμῶν</span> <span class='ocrx_word' id='word_1_297' title='bbox 1429 4627 1491 4682; x_wconf 79' lang='grc' dir='ltr'><strong><em>Οοιῖ.</em></strong></span> 
     </span>
     <span class='ocr_line' id='line_1_72' title="bbox 213 4716 1307 4789; baseline 0.004 -21"><span class='ocrx_word' id='word_1_298' title='bbox 213 4728 226 4756; x_wconf 79' lang='lat'>⁰</span> <span class='ocrx_word' id='word_1_299' title='bbox 247 4716 354 4771; x_wconf 72' lang='lat' dir='ltr'>Addidi</span> <span class='ocrx_word' id='word_1_300' title='bbox 372 4735 420 4772; x_wconf 78' lang='lat' dir='ltr'>sec.</span> <span class='ocrx_word' id='word_1_301' title='bbox 440 4718 504 4772; x_wconf 74' lang='lat' dir='ltr'>Lac.</span> <span class='ocrx_word' id='word_1_302' title='bbox 542 4721 557 4758; x_wconf 73' lang='lat' dir='ltr'>d</span> <span class='ocrx_word' id='word_1_303' title='bbox 578 4719 797 4787; x_wconf 84' lang='grc' dir='ltr'><strong><em>εἰδωλολατρεῑαι</em></strong></span> <span class='ocrx_word' id='word_1_304' title='bbox 815 4720 931 4785; x_wconf 84' lang='lat' dir='ltr'>Bryenn.</span> <span class='ocrx_word' id='word_1_305' title='bbox 969 4730 981 4758; x_wconf 75' lang='lat'>⁰</span> <span class='ocrx_word' id='word_1_306' title='bbox 999 4725 1172 4789; x_wconf 84' lang='grc' dir='ltr'><strong><em>φαρμακεῖαι</em></strong></span> <span class='ocrx_word' id='word_1_307' title='bbox 1190 4719 1307 4784; x_wconf 87' lang='lat' dir='ltr'>Bryenn.</span> 
     </span>
    </p>
   </div>
   <div class='ocr_carea' id='block_1_10' title="bbox 214 4810 1491 5000">
    <p class='ocr_par' dir='ltr' id='par_1_23' title="bbox 214 4810 1491 5000">
     <span class='ocr_line' id='line_1_73' title="bbox 215 4810 1491 4910; baseline -0.001 -15"><span class='ocrx_word' id='word_1_308' title='bbox 215 4811 530 4910; x_wconf 45' lang='lat' dir='ltr'>“filiu—{aas</span> <span class='ocrx_word' id='word_1_309' title='bbox 566 4843 645 4897; x_wconf 70' lang='grc' dir='ltr'>2αι.</span> <span class='ocrx_word' id='word_1_310' title='bbox 667 4845 708 4910; x_wconf 79' lang='lat'>15,</span> <span class='ocrx_word' id='word_1_311' title='bbox 724 4813 770 4897; x_wconf 66' lang='lat' dir='ltr'>aa]</span> <span class='ocrx_word' id='word_1_312' title='bbox 790 4813 853 4897; x_wconf 67' lang='grc' dir='ltr'>οἶα</span> <span class='ocrx_word' id='word_1_313' title='bbox 871 4844 895 4910; x_wconf 80' lang='grc' dir='ltr'><strong><em>τ,</em></strong></span> <span class='ocrx_word' id='word_1_314' title='bbox 909 4843 950 4895; x_wconf 86' lang='lat' dir='ltr'>a1.</span> <span class='ocrx_word' id='word_1_315' title='bbox 966 4842 1007 4895; x_wconf 81' lang='lat' dir='ltr'>aa.</span> <span class='ocrx_word' id='word_1_316' title='bbox 1036 4844 1113 4896; x_wconf 79' lang='lat' dir='ltr'>nom.</span> <span class='ocrx_word' id='word_1_317' title='bbox 1133 4844 1157 4909; x_wconf 90' lang='lat'>1,</span> <span class='ocrx_word' id='word_1_318' title='bbox 1171 4842 1212 4895; x_wconf 82' lang='lat' dir='ltr'>aa</span> <span class='ocrx_word' id='word_1_319' title='bbox 1227 4844 1269 4896; x_wconf 84' lang='lat'>30.</span> <span class='ocrx_word' id='word_1_320' title='bbox 1317 4810 1400 4894; x_wconf 70' lang='grc' dir='ltr'>8οα.</span> <span class='ocrx_word' id='word_1_321' title='bbox 1423 4843 1448 4899; x_wconf 82' lang='grc'>3,</span> <span class='ocrx_word' id='word_1_322' title='bbox 1467 4842 1491 4894; x_wconf 81' lang='lat' dir='ltr'>a.</span> 
     </span>
     <span class='ocr_line' id='line_1_74' title="bbox 214 4931 1260 5000; baseline 0.001 -16"><span class='ocrx_word' id='word_1_323' title='bbox 214 4931 390 4999; x_wconf 70' lang='grc' dir='ltr'>41Τίια.1,</span> <span class='ocrx_word' id='word_1_324' title='bbox 411 4934 452 4986; x_wconf 89' lang='grc'><strong>13.</strong></span> <span class='ocrx_word' id='word_1_325' title='bbox 491 4932 561 4986; x_wconf 68' lang='lat'>⁵01¹.</span> <span class='ocrx_word' id='word_1_326' title='bbox 582 4934 644 5000; x_wconf 86' lang='lat' dir='ltr'>Sap.</span> <span class='ocrx_word' id='word_1_327' title='bbox 665 4934 706 4999; x_wconf 75' lang='lat'>15,</span> <span class='ocrx_word' id='word_1_328' title='bbox 729 4935 769 4986; x_wconf 90' lang='lat'>11.</span> <span class='ocrx_word' id='word_1_329' title='bbox 806 4934 912 4986; x_wconf 76' lang='lat' dir='ltr'>2Petr.</span> <span class='ocrx_word' id='word_1_330' title='bbox 936 4933 961 4999; x_wconf 82' lang='lat'>2,</span> <span class='ocrx_word' id='word_1_331' title='bbox 976 4932 1017 4986; x_wconf 82' lang='lat'>15.</span> <span class='ocrx_word' id='word_1_332' title='bbox 1053 4931 1260 4999; x_wconf 70' lang='grc' dir='ltr'>θ11οια.12,9.</span> 
     </span>
    </p>
   </div>
   <div class='ocr_carea' id='block_1_11' title="bbox 0 0 1816 5556">
    <p class='ocr_par' dir='ltr' id='par_1_24' title="bbox 0 0 1816 5556">
     <span class='ocr_line' id='line_1_75' title="bbox 0 0 1816 5556; baseline 0 1"><span class='ocrx_word' id='word_1_333' title='bbox 0 0 1816 5556; x_wconf 95' lang='lat' dir='ltr'> </span> 
     </span>
    </p>
   </div>
  </div>
 </body>
</html>
