3624 5556
729 420 816 476 Initia
833 421 1021 478 Homiliarum
1455 409 1516 492 137

326 601 452 674 Quanta
474 603 515 662 sit
531 601 577 662 vel
600 601 694 663 tuerit
715 600 924 663 misericordia
939 601 1108 663 conditoris
1126 621 1198 680 erga
1217 605 1357 663 nostram
1372 604 1518 665 omnium

237 709 380 770 salutem.
420 708 594 786 Gregorius.
636 708 673 770 G.
699 712 738 770 87
785 756 1403 771 ............
1477 713 1517 770 25

326 823 408 896 Quia
430 823 531 898 hodie,
556 823 759 898 dilectissimi,
784 823 875 885 nobis
891 823 1027 886 natalem
1043 843 1146 885 sacrae
1161 825 1291 903 virginis
1315 823 1516 899 celebramus,

237 932 370 1010 dignum
406 936 467 1005 est,
504 936 542 992 ut
573 933 639 992 eius
680 931 854 992 sanctitatis
890 932 1051 992 imitemur
1086 931 1236 1011 exempla.
1293 933 1516 1011 Hieronymus.

238 1038 275 1100 G.
301 1042 363 1100 297
395 1085 1404 1100 ...................
1476 1042 1516 1099 37

327 1153 601 1226 Quemadmodum
633 1158 760 1214 sanctus
793 1153 900 1214 Petrus
933 1154 1050 1214 missus
1080 1155 1115 1213 in
1146 1171 1297 1214 carcerem
1331 1155 1372 1215 sit
1401 1153 1517 1233 ligatus

238 1259 360 1323 duabus
384 1261 510 1322 catenis.
545 1259 723 1321 Hrabanus.
760 1261 802 1321 M.
832 1263 903 1335 110,
929 1264 1003 1322 350.
1037 1261 1074 1322 G.
1103 1264 1164 1321 189
1229 1309 1234 1321 .
1284 1309 1290 1321 .
1340 1310 1346 1322 .
1396 1310 1402 1322 .
1476 1264 1518 1322 30

328 1376 413 1449 Quid
435 1381 490 1451 est,
515 1374 600 1454 quod
619 1374 797 1436 audivimus
813 1377 847 1436 in
863 1377 1042 1455 prophetica
1055 1375 1196 1451 lectione,
1220 1377 1329 1438 fratres
1346 1378 1518 1450 carissimi;

238 1484 358 1545 factum
381 1487 427 1545 est
450 1482 579 1544 verbum
602 1483 740 1544 Domini.
783 1483 1005 1562 Hieronymus.
1043 1485 1085 1545 M.
1113 1487 1163 1558 24,
1191 1487 1264 1545 729.
1301 1484 1338 1546 G.
1366 1488 1406 1544 74
1476 1486 1517 1544 25

329 1598 421 1671 Quod
443 1598 483 1660 ad
506 1600 768 1677 comparationem
791 1604 933 1660 aeternae
955 1599 1068 1678 gloriae
1091 1619 1186 1678 quam
1210 1601 1326 1661 sanctis
1351 1601 1416 1661 suis
1433 1600 1517 1660 Deus

240 1711 312 1768 ante
336 1705 457 1767 saecula
479 1707 681 1785 praeparavit.
722 1706 862 1767 Hraban.
903 1707 946 1768 M.
974 1710 1048 1783 110,
1075 1711 1148 1768 333.
1189 1707 1226 1769 G.
1255 1711 1348 1768 171.
1399 1755 1405 1768 .
1478 1708 1519 1766 30

330 1822 421 1894 Quod
430 1841 486 1901 pro
497 1822 594 1884 nullis
606 1824 721 1884 nostris
733 1824 851 1883 meritis
868 1821 945 1883 deus
965 1827 1052 1901 pater
1064 1823 1151 1883 misit
1166 1821 1267 1883 filium
1282 1841 1386 1883 suum.
1423 1820 1515 1883 Beda.

240 1931 273 1991 L.
299 1933 349 1990 69.
378 1929 416 1990 G.
441 1933 503 1991 174
564 1977 1406 1991 ................
1478 1931 1519 1991 30

329 2044 481 2115 Quotiens
497 2044 595 2120 vobis,
612 2047 773 2118 carissimi,
790 2045 937 2106 lectiones
953 2044 992 2105 de
1010 2049 1197 2106 testamento
1212 2046 1317 2106 veteri.
1349 2045 1517 2123 Augustin.

241 2151 1405 2226 M.39,1765.G.64....,.........
1477 2155 1519 2210 24

330 2267 423 2329 Recte
458 2287 511 2346 per
545 2268 728 2346 prophetam
771 2266 999 2346 redarguuntur
1039 2273 1210 2346 peccatores
1253 2272 1284 2329 et
1327 2267 1518 2328 contusione.

241 2375 464 2453 Hieronymus.
504 2375 546 2437 M.
574 2378 626 2448 24,
652 2378 725 2436 790.
766 2375 903 2437 0198,
953 2424 959 2436 .
1009 2423 1015 2435 .
1065 2423 1070 2435 .
1121 2424 1126 2436 .
1177 2423 1182 2436 .
1232 2411 1237 2436 .
1288 2425 1293 2436 .
1343 2422 1350 2436 .
1399 2422 1405 2436 .
1476 2379 1516 2435 26

332 2491 425 2552 Recte
456 2495 580 2552 sanctae
610 2490 660 2551 dei
691 2490 834 2552 ecclesiae
865 2491 1068 2553 dedicationis
1097 2491 1176 2552 festa
1202 2489 1372 2565 celebrant,
1403 2492 1458 2568 qui
1489 2510 1521 2552 se

242 2597 387 2658 ecclesiae
409 2596 488 2658 filios
521 2616 587 2658 esse
610 2602 811 2677 cognoscunt.
854 2599 915 2660 Cir.
940 2600 982 2661 M.
1010 2602 1061 2674 39,
1087 2603 1170 2659 2171
1235 2645 1241 2659 .
1291 2645 1296 2658 .
1347 2651 1352 2664 ,
1402 2645 1408 2659 .
1480 2601 1520 2658 35

331 2714 436 2774 Refert
464 2713 637 2792 apostolus,
674 2714 830 2792 quomodo
860 2735 914 2794 per
943 2716 1040 2776 unius
1069 2715 1208 2776 hominis
1244 2719 1404 2794 peccatum
1436 2719 1520 2776 totus

243 2819 382 2882 mundus
405 2822 440 2880 in
463 2820 723 2882 condemnatione
745 2823 875 2900 positus.
915 2821 1008 2884 Beda.
1043 2823 1078 2884 L.
1105 2825 1156 2884 70.
1192 2822 1230 2884 G.
1257 2825 1318 2883 176
1345 2869 1352 2884 .
1401 2871 1407 2883 .
1479 2825 1521 2882 30

333 2937 525 2998 Resurrectio
555 2937 676 2998 domini
705 2940 805 2999 nostri
834 2939 906 2999 Iesu
938 2938 1063 3012 Christi,
1094 2938 1203 2999 iratres
1231 2939 1394 3014 carissimi,
1426 2937 1522 2999 fidem

244 3048 385 3104 nostram
400 3044 531 3120 roborat,
548 3063 621 3106 cum
636 3045 718 3106 facta
733 3045 876 3107 creditur.
912 3045 1091 3107 Hrabanus.
1123 3047 1166 3106 M.
1187 3049 1259 3119 110,
1280 3049 1352 3107 140.
1389 3046 1426 3107 G.
1447 3049 1520 3106 116.

1481 3156 1520 3213 27

333 3258 400 3318 Rex
422 3257 607 3336 magnificus
631 3264 662 3320 et
684 3260 920 3337 potentissimus
945 3258 1102 3333 Salomon,
1127 3278 1199 3319 curn
1222 3259 1323 3320 multa
1345 3258 1383 3321 de
1407 3260 1522 3320 Christi

244 3365 466 3426 incarnatione.
507 3366 544 3427 G.
571 3369 633 3426 299
681 3413 1409 3428 ..............
1480 3370 1521 3427 37

334 3472 583 3546 Sacramentum,
619 3471 828 3548 dilectissimi,
866 3471 1040 3534 dominicae
1074 3473 1240 3550 passionis.
1297 3473 1520 3552 Hieronymus.

246 3578 852 3654 Cf.Leo.M.54,313.G.100.
903 3628 908 3640 .
959 3628 964 3640 .
1013 3627 1019 3640 .
1070 3628 1075 3640 .
1126 3627 1131 3640 .
1182 3627 1187 3640 .
1238 3627 1243 3640 .
1294 3627 1299 3641 .
1349 3628 1410 3640 ..
1481 3583 1521 3640 26

334 3694 482 3756 Sanctam
512 3699 543 3755 et
572 3694 806 3757 desiderabilem
836 3715 898 3774 qua
929 3695 1077 3758 dominus
1100 3695 1199 3770 lesus,
1231 3696 1289 3756 Dei
1310 3695 1404 3757 filius.
1452 3696 1522 3756 Cae-

245 3802 354 3862 sarius.
401 3803 444 3863 M.
470 3806 522 3877 39,
550 3806 633 3864 1975
683 3849 1412 3864 ..............
1482 3806 1522 3862 84

336 3909 443 3971 Sancti
458 3909 569 3989 templi
585 3908 706 3970 domini
721 3909 948 3972 dedicationem
964 3911 1235 3990 quotienscunque
1254 3909 1387 3971 solemni
1401 3927 1523 3970 venera-

246 4018 331 4077 tione
354 4017 495 4091 colimus,
518 4017 627 4078 iratres
650 4019 811 4083 carissimi.
852 4019 889 4079 G.
916 4021 978 4078 277
1014 4064 1410 4079 ........
1482 4019 1523 4076 35

335 4133 519 4195 Sanctorum
543 4134 754 4212 apostolorum
778 4135 908 4194 nomina
928 4153 1062 4212 quorum
1078 4132 1305 4212 praedicatione
1329 4137 1359 4193 et
1383 4132 1525 4194 doctrina

246 4241 349 4300 omnis
373 4260 427 4319 per
449 4241 555 4302 orbem
577 4240 682 4302 fideles
738 4286 1411 4302 .............
1482 4242 1522 4299 36

336 4349 469 4410 Sanctus
485 4349 642 4411 Iohannes
658 4349 794 4429 baptista
814 4354 845 4410 et
859 4367 1039 4428 praecursor
1055 4348 1184 4410 domini.
1214 4348 1276 4408 Cir.
1294 4347 1377 4407 Max.
1395 4346 1522 4407 Taurin.

246 4457 330 4517 hom.
356 4475 426 4535 app.
454 4460 527 4518 101.
566 4457 603 4518 G.
632 4461 691 4517 181
737 4501 1411 4518 .............
1483 4458 1525 4516 30

337 4565 419 4627 Scire
442 4562 600 4638 debemus,
632 4564 741 4624 tratres
765 4565 927 4638 carissimi,
959 4564 1111 4640 originem
1141 4562 1299 4622 humanae
1322 4559 1522 4624 conditionis.

247 4671 432 4733 Bonifatius.
480 4672 523 4732 M.
549 4674 601 4744 89,
626 4674 689 4731 845
738 4717 1413 4732 .............
1483 4671 1523 4728 81

337 4779 428 4840 Scitis
451 4779 577 4856 optime,
600 4779 709 4838 tratres
726 4779 796 4851 mei,
822 4779 895 4855 qnia
911 4797 1032 4855 semper
1047 4795 1172 4837 necesse
1188 4780 1235 4838 est
1249 4777 1338 4837 omni
1356 4776 1526 4838 christiano

248 4887 452 4964 semetipsum
474 4885 662 4964 perpendere
739 4930 1412 4947 .............
1483 4885 1525 4942 84
