3630 5568
689 428 866 483 Verzeichnis
884 429 932 482 der
949 426 1094 481 Homilien.
1491 407 1532 472 27

358 614 440 678 Post
454 613 557 680 verba
579 609 692 691 patris,
714 609 830 688 quihus
852 607 953 672 filium
976 625 1070 672 snum
1092 605 1211 673 mundo
1233 603 1447 671 nuntiaverat
1462 618 1535 668 csse

251 726 437 786 venturum.
466 721 555 786 Naah
568 718 796 798 Hieronymus.
823 720 861 782 ln
878 718 994 780 Iccium
1010 719 1060 792 14,
1078 718 1122 780 53
1137 718 1257 798 (Miqna
1271 716 1309 779 P.
1320 715 1359 781 L.
1374 717 1428 796 al,
1441 709 1533 784 506).

359 831 409 892 31.
440 824 548 890 Faria
571 824 613 890 V.
636 824 674 888 in
698 840 785 888 cona
809 821 963 887 domini:
998 821 1111 886 Lectio
1135 840 1184 902 ep.
1207 824 1238 886 h.
1262 821 1358 887 Pauli
1391 824 1433 888 ad
1460 822 1532 888 Cor.

252 935 319 1011 Fr,
345 931 622 999 Convenientibus
644 930 746 995 vohis.
790 936 804 994 1
830 933 900 995 Cor.
925 935 971 1006 11,
989 934 1043 994 20.

359 1039 448 1104 Cena
470 1038 590 1103 domini
613 1042 648 1102 et
671 1036 844 1102 salvatoris
866 1035 979 1113 nostri,
1004 1033 1125 1100 fratres
1140 1035 1312 1114 karissimi,
1337 1036 1432 1103 hodie
1454 1039 1534 1104 cele

250 1148 382 1225 bratnr,
416 1145 450 1210 in
483 1165 547 1225 qua
578 1144 725 1210 dominus
757 1143 781 1208 J
783 1161 857 1208 esus
890 1141 1040 1207 Clnistus
1071 1141 1235 1223 discipulis
1266 1144 1417 1225 corporis.
1471 1150 1534 1213 Am

251 1257 382 1322 Raude:
406 1252 635 1334 Hieronymus.

358 1365 402 1427 32
412 1358 433 1424 ¹.
467 1358 602 1426 (truella
626 1359 665 1422 in
689 1373 894 1440 parasceve.
940 1359 1063 1442 Lesura
1085 1359 1170 1440 fehlt.
1216 1357 1322 1424 Hodie
1343 1358 1534 1441 incipiamus

250 1467 423 1543 karissimi,
438 1467 479 1532 de
490 1465 594 1531 crucis
607 1465 763 1546 trophaeo
775 1463 972 1544 praedicare.
992 1465 1023 1529 S.
1035 1467 1166 1548 Aupttrt.
1178 1487 1276 1530 senno
1288 1469 1333 1531 80
1342 1469 1389 1532 hei
1400 1471 1441 1537 A.
1454 1471 1532 1552 Mai,

250 1578 341 1641 Novo
364 1576 433 1642 bibl.
459 1576 525 1640 PP.
550 1577 666 1652 1,156.

357 1677 421 1746 32'.
461 1684 523 1746 Am
547 1682 655 1745 cheren
679 1681 791 1746 Raude
813 1681 890 1745 stelit
903 1682 960 1744 mit
978 1680 1114 1744 Naaman
1129 1681 1288 1745 verschat:
1312 1680 1442 1746 Summe
1462 1699 1532 1762 pro

250 1787 387 1869 piciator
400 1786 530 1851 Christe
542 1786 566 1851 J
568 1805 625 1851 esu
639 1790 673 1850 et
684 1789 854 1866 susceptor
865 1789 1079 1865 peccatorum,
1094 1784 1148 1864 qui
1160 1786 1297 1852 Mariam
1309 1787 1530 1867 peccatricem.

356 1899 409 1960 33.
434 1894 478 1960 In
493 1892 622 1973 vigilia
638 1909 666 1957 s.
683 1891 847 1974 paschae.
880 1890 993 1956 Lectio
1007 1892 1038 1956 b.
1049 1893 1144 1958 Pauli
1155 1898 1259 1975 apost.
1273 1894 1315 1958 ad
1326 1894 1472 1960 Thmsal.
1490 1897 1532 1977 (t)

255 2001 322 2079 Fr,
348 2000 376 2066 si
398 1997 648 2066 consmrexistis
675 2017 748 2063 cum
773 1995 912 2075 Christo,
937 2017 1021 2078 qnae
1044 2018 1181 2064 sursum.
1228 2001 1341 2067 chloes.
1366 2006 1441 2078 3,1.

357 2106 487 2172 Domini
517 2105 621 2170 nostri
651 2105 674 2169 J
677 2123 735 2170 esu
778 2103 899 2169 Christi
928 2105 1148 2170 honorabilem
1188 2107 1438 2173 sollemnitatem
1473 2127 1533 2174 sua

250 2214 385 2283 favente
408 2213 589 2290 clementia,
614 2211 736 2277 iratres
759 2211 931 2290 karissimi,
957 2210 1095 2278 feliciter
1117 2232 1319 2280 veneremur.

357 2326 409 2388 34.
448 2326 510 2387 Am
541 2323 654 2388 Raude
684 2318 814 2385 LIIII:
856 2317 901 2384 In
933 2317 990 2383 die
1023 2319 1147 2384 sancto
1174 2319 1317 2402 pascha.
1356 2320 1469 2386 Lectio
1498 2322 1529 2386 b.

251 2428 344 2494 Pauli
367 2433 471 2509 apost.
496 2427 538 2492 ad
555 2426 626 2491 Cor.
653 2426 720 2504 Fr,
746 2426 937 2507 Expurgate
960 2429 1057 2492 vetus
1080 2425 1285 2493 fermentum.
1321 2431 1340 2493 1
1366 2431 1434 2496 Cor.
1451 2434 1482 2508 5,
1500 2432 1530 2495 7.

356 2533 566 2600 Resmrectio
587 2533 717 2598 Domini
732 2532 836 2597 nostri
847 2534 871 2598 J
873 2551 930 2598 esu
943 2531 1073 2610 Christi,
1098 2532 1219 2598 iratres
1239 2533 1411 2612 karissimi,
1435 2534 1531 2600 fidem

250 2647 396 2707 nostram
419 2643 560 2719 roborat,
587 2660 660 2706 cum
683 2639 772 2706 facta
795 2639 947 2706 creditur.
995 2646 1057 2706 Am
1080 2643 1209 2708 Raude:
1232 2640 1333 2706 Bada.
1539 2709 1546 2726 ‚

307 2737 309 2744 ’
356 2744 419 2814 34’1
456 2747 564 2814 Faria
579 2747 630 2812 II.
661 2746 699 2811 in
725 2747 865 2829 pasche.
904 2746 1016 2811 Lectio
1039 2747 1181 2813 Actunm
1204 2752 1308 2828 apost.
1355 2748 1395 2814 In
1418 2748 1531 2816 diebus

250 2854 314 2919 illis
338 2860 431 2920 stans
454 2856 574 2920 Petrus
597 2854 631 2918 in
653 2853 757 2918 medio
782 2853 880 2918 dixit:
904 2853 967 2920 viri
990 2852 1120 2931 iratres
1144 2873 1213 2921 vos.
1251 2859 1317 2924 Act.
1333 2861 1384 2939 10,
1401 2861 1455 2923 37.

356 2960 509 3028 Breviter
531 2960 646 3038 omnia,
681 2979 764 3039 quae
792 2960 826 3024 in
850 2960 993 3042 symbolo
1023 2959 1240 3039 continentur,
1272 2963 1455 3044 complexus
1479 2968 1531 3029 ost

251 3069 371 3133 Petrus
395 3067 561 3149 apostolus
584 3067 618 3131 in
640 3066 781 3132 lectione
803 3065 978 3147 praesenti.

356 3179 409 3239 35.
451 3173 559 3240 Faria
575 3173 615 3238 V.
639 3174 678 3238 in
702 3173 847 3256 pascha.
893 3173 1006 3239 Lectio
1031 3175 1173 3240 Actuum
1193 3175 1308 3255 Apost.
1355 3175 1394 3241 In
1417 3176 1530 3244 diebus

249 3277 480 3364 illis'Angelus
504 3279 634 3345 Domini
655 3281 783 3346 locutus
808 3285 860 3345 est
882 3281 924 3345 ad
946 3279 1138 3362 Phihppnm.
1186 3289 1254 3348 Act.
1276 3287 1308 3366 a,
1326 3287 1379 3350 26.

362 3387 586 3464 Celeberrime,
607 3387 729 3454 iratres
745 3387 953 3466 dilectissimi,
978 3407 1036 3469 per
1059 3389 1237 3468 scripturas
1261 3394 1392 3455 sanctas
1409 3390 1530 3456 Christi

249 3495 356 3575 passio
381 3499 415 3560 et
436 3494 633 3560 resurrectio
656 3495 775 3575 ubique
797 3499 1087 3577 praemonstratur.

703 3719 790 3784 VH.
814 3720 938 3800 Lapa,
962 3719 990 3784 9
1012 3720 1094 3784 ΒΗ.

355 3891 407 3952 36.
454 3883 620 3952 Sabbata
666 3886 779 3952 Lectio
801 3887 832 3950 b.
857 3885 949 3951 Petri
972 3887 1118 3967 apostoli.

355 3997 418 4066 36‘.
465 4001 645 4080 Karissimi,
688 4002 897 4082 Deponentes
929 4019 1054 4067 omnem
1083 4002 1250 4069 malitiam.
1297 4008 1425 4075 1Petr.
1452 4011 1526 4087 2,1.

316 4126 318 4130 ·
356 4106 506 4172 Omnium
519 4108 646 4188 quidem
663 4128 759 4174 aures
777 4114 810 4173 et
825 4113 961 4186 mentes,
980 4128 1059 4189 quos
1075 4128 1153 4176 cura
1168 4117 1282 4177 nostra
1293 4113 1525 4194 complectitur.

249 4216 311 4278 Am
333 4216 465 4280 Rhode:
488 4215 702 4299 Augustinus.
970 4227 971 4234 ’

356 4332 409 4394 37.
442 4328 564 4395 LVIII
581 4333 646 4412 (am
665 4333 808 4409 Baadal:
833 4330 1023 4397 Dominica
1038 4333 1076 4397 in
1093 4333 1217 4400 octava
1232 4336 1374 4418 pasche.
1416 4336 1527 4403 Lectio

249 4434 410 4500 Johannis
434 4455 484 4517 ap.
521 4435 626 4502 Omne
649 4439 734 4518 quod
757 4443 870 4504 natum
895 4444 947 4503 est
971 4459 1010 4504 ex
1033 4439 1102 4505 Deo
1121 4492 1153 4505 ..
1178 4445 1284 4510 lJoh.
1302 4449 1333 4527 5,
1350 4447 1380 4509 4.

355 4540 503 4608 Audistis
518 4543 552 4608 in
570 4543 706 4625 epistola
722 4564 794 4609 cum
809 4545 984 4628 legeretur,
1009 4544 1130 4613 fratres
1145 4547 1318 4627 karissimi,
1343 4549 1367 4615 J
1368 4551 1526 4616 ohannem

249 4647 430 4726 apostolum
453 4669 511 4714 nos
534 4649 762 4717 instruentem.
795 4658 856 4718 Am
879 4656 1010 4720 Barda:
1033 4653 1248 4736 Augustinus.

358 4893 367 4924 ¹
386 4892 445 4948 Der
466 4896 585 4952 ecitliche
603 4897 695 4952 Rana
708 4900 744 4954 ist
763 4900 972 4970 capacitatem,
998 4903 1091 4957 aheneo
1117 4903 1158 4958 bei
1182 4903 1242 4960 dem
1255 4904 1407 4976 folcradae
1425 4907 1526 4962 Beata.
