3624 5556
912 1031 986 1099 vn.

731 1208 858 1302 Initia
888 1208 1167 1302 Homiliarum.

313 1429 456 1494 Gnosium
478 1449 651 1494 samonum
675 1427 931 1511 homiliarurnqnc
953 1429 1043 1492 initio
1063 1427 1238 1494 litterarum
1261 1428 1370 1492 ordine
1393 1427 1518 1494 collecta
1540 1429 1588 1493 iric

309 1521 452 1601 inuenies,
475 1539 553 1602 arrae
576 1524 630 1585 oui
649 1516 849 1602 epistolarum
865 1517 1044 1582 lectionario
1059 1525 1164 1581 nostro
1185 1517 1375 1600 Friainpcnsi
1397 1520 1588 1584 continentur
1625 1583 1628 1588 .

310 1615 364 1672 ard
392 1609 435 1672 ad
464 1607 686 1674 illustrandam
718 1608 782 1671 eius
812 1605 947 1671 indolem
975 1611 1112 1672 tractata
1142 1613 1233 1686 cuui,·
1263 1608 1390 1670 nantino
1416 1627 1486 1670 coro
1516 1627 1587 1673 auc-

309 1704 411 1761 torum
433 1719 494 1760 non
517 1695 616 1761 solnm
638 1697 774 1779 rupetioi,
797 1696 851 1760 aad
865 1695 971 1761 maltis
986 1696 1122 1758 renueris
1145 1697 1222 1758 auxi
1235 1697 1281 1760 ita
1297 1703 1407 1777 tamon,
1432 1703 1465 1760 ni
1482 1691 1587 1760 'ionius

310 1807 330 1848 a
353 1783 459 1863 Migne
492 1782 552 1867 (=
575 1782 625 1866 M)
656 1784 790 1868 crruipuii
820 1806 857 1848 an
887 1785 951 1848 cina
985 1785 1085 1848 Ouran
1107 1781 1239 1847 Patrnrn
1270 1783 1440 1848 latinorum
1469 1791 1587 1852 tanturn

309 1875 520 1957 alieparontur
543 1873 614 1938 aliia
637 1874 775 1957 quamuis
799 1871 886 1939 bonis
908 1873 962 1937 aad
983 1872 1159 1936 rarioribus
1183 1871 1271 1936 libris
1293 1873 1436 1957 neplcdis
1458 1876 1588 1959 aencis

308 1964 493 2030 aditionibus
509 1961 665 2024 Liveranii
688 1960 748 2044 (=
764 1959 809 2043 L)
833 1968 861 2029 ci
879 1964 1023 2046 principe
1046 1959 1194 2040 Gymnici
1216 1959 1276 2043 (=
1292 1959 1348 2044 G),
1372 1983 1449 2046 quaa
1465 1965 1586 2048 possim

309 2052 528 2136 dilianatorqua
558 2054 711 2137 quaesitas
741 2052 956 2116 adaciacnrdus
984 2053 1102 2135 padari.
1150 2051 1273 2119 Horam
1305 2052 1432 2135 donique
1461 2055 1587 2117 nomina

308 2149 471 2207 anctorum
493 2163 526 2206 eo
549 2143 616 2206 iura
638 2143 783 2226 opposita
806 2163 867 2205 esso
890 2163 949 2224 qno
965 2142 999 2204 in
1014 2139 1168 2206 codicibus
1182 2141 1303 2206 tradito
1324 2149 1406 2223 sunt,
1430 2143 1585 2208 attondere

897 2229 997 2295 libeat.

400 2405 448 2468 Ad
474 2403 612 2468 caelestis
635 2407 724 2484 regni
738 2405 964 2467 habitationem
981 2409 1012 2466 et
1027 2411 1168 2466 aeternae
1190 2405 1433 2468 immortalitatis
1457 2406 1586 2486 gloriam

308 2514 443 2576 tendere.
479 2512 572 2578 Beda.
608 2514 720 2575 hun.
756 2513 915 2575 Galo.
965 2562 971 2574 .
1020 2561 1026 2574 .
1075 2562 1081 2574 .
1131 2561 1137 2573 .
1187 2562 1193 2573 .
1243 2561 1249 2574 .
1299 2562 1304 2574 .
1353 2562 1359 2575 .
1409 2562 1415 2575 .
1465 2562 1470 2575 .
1542 2519 1581 2576 31

398 2620 448 2682 Ad
470 2624 626 2682 certamen
649 2639 801 2699 magnum
824 2624 931 2680 contra
960 2618 1112 2698 spiritales
1142 2620 1246 2681 hostes
1270 2622 1425 2698 praesenti
1447 2641 1506 2682 nos
1528 2620 1584 2682 lec-

307 2730 392 2789 tione
414 2727 557 2789 hortatur
578 2727 747 2806 apostolus,
771 2731 807 2787 ut
830 2726 950 2788 audivit
972 2726 1095 2788 dilectio
1118 2731 1228 2789 vestra.
1265 2728 1301 2789 G.
1322 2723 1392 2788 ’244
1465 2777 1471 2790 .
1542 2733 1582 2790 33

396 2834 447 2896 Ad
469 2834 666 2896 devotionem
688 2833 837 2908 fidelium,
869 2833 1072 2908 dilectissimi,
1103 2833 1184 2894 nihil
1207 2835 1310 2895 estin
1333 2853 1396 2912 quo
1418 2834 1585 2913 prudentia

307 2942 415 3004 divina
437 2961 504 3003 non
526 2941 661 3003 adiuvet.
697 2941 736 3002 G.
762 2944 825 3001 225
852 2988 1470 3002 ............
1542 2945 1582 3002 32

395 3049 445 3111 Ad
476 3050 685 3110 imitationem
716 3047 766 3108 dei
796 3067 854 3109 nos
885 3052 1031 3127 provocat
1060 3048 1228 3127 apostolus,
1261 3047 1370 3109 fratres
1394 3050 1465 3124 mei,
1490 3053 1526 3110 ut
1549 3051 1584 3109 in

307 3159 462 3236 praesenti
483 3155 624 3218 lectione.
670 3155 892 3234 Hieronymus.
940 3155 983 3215 M.
1010 3158 1061 3228 26,
1088 3158 1161 3216 518.
1209 3155 1246 3216 G.
1273 3159 1313 3215 69
1353 3204 1359 3216 .
1410 3203 1416 3217 .
1465 3204 1470 3216 .
1543 3159 1583 3216 24

395 3263 446 3324 Ad
468 3264 676 3324 imitationem
699 3281 789 3322 suam
812 3281 871 3322 nos
893 3260 1062 3339 apostolus,
1086 3262 1194 3322 iratres
1218 3258 1291 3337 mei,
1314 3263 1350 3321 in
1372 3262 1431 3322 hac
1453 3261 1585 3323 lectione

305 3372 456 3447 hortatur,
472 3375 509 3432 ut
522 3370 643 3432 audivit
657 3369 779 3431 dilectio
795 3373 913 3441 vestra3
937 3369 1107 3429 imitatores
1123 3369 1195 3443 mei,
1212 3370 1324 3446 inquit.
1350 3369 1387 3430 G.
1407 3372 1469 3429 249
1541 3373 1583 3430 33

395 3479 446 3540 Ad
468 3477 593 3539 laudem
616 3475 666 3537 dei
688 3481 780 3555 atque
804 3511 845 3520 —
869 3475 909 3536 ad
932 3475 1159 3536 confessionem
1182 3495 1270 3536 verae
1293 3474 1364 3536 fidei
1387 3476 1503 3536 invitat
1525 3494 1584 3536 nos

306 3605 407 3647 sermo
429 3585 602 3660 hebraicae,
625 3585 734 3645 iratres
757 3584 919 3658 carissimi,
943 3581 1026 3660 quod
1050 3581 1174 3643 assidue
1196 3586 1288 3643 sonat
1312 3581 1447 3643 ecclesia.
1480 3584 1584 3660 Augu-

306 3695 419 3755 stinus.
466 3693 503 3754 G.
530 3695 592 3753 306
630 3737 1471 3758 ................
1543 3693 1583 3749 37

394 3799 444 3862 Ad
474 3800 630 3879 optimum
661 3798 770 3859 salutis
809 3802 932 3857 nostrae
962 3795 1134 3856 remedium
1164 3796 1307 3857 hortatur
1335 3814 1393 3857 nos
1424 3794 1584 3873 apostolus

304 3908 445 3969 Iacobus.
492 3907 699 3984 Augustinus.
747 3904 783 3965 G.
811 3907 872 3964 137
905 3949 1469 3968 ...........
1541 3905 1582 3962 28

395 4012 444 4074 Ad
460 4032 531 4074 vera
553 4013 648 4090 igitur
665 4010 749 4072 etad
764 4014 904 4070 aeternae
919 4009 1122 4069 beatitudinis
1136 4009 1249 4087 gaudia
1264 4011 1407 4087 quisquis
1424 4010 1584 4087 pervenire

300 4120 465 4182 desiderat.
513 4119 719 4197 Augustinus.
768 4117 805 4178 G.
831 4118 893 4176 309
965 4164 1470 4178 ..........
1542 4119 1582 4174 37

393 4226 556 4287 Admoneo
579 4244 644 4299 vos,
677 4228 714 4285 ut
737 4224 992 4297 reminiscamini,
1025 4223 1102 4301 quid
1132 4223 1342 4301 omnipotenti
1364 4224 1429 4283 Deo
1453 4223 1487 4282 in
1511 4221 1583 4300 bap-

304 4336 398 4396 tismo
421 4333 617 4413 promisistis.
664 4333 707 4393 M.
734 4334 786 4405 89,
812 4333 914 4390 852.
964 4331 975 4390 .’
1020 4379 1025 4390 .
1063 4336 1066 4341 ’
1076 4377 1471 4391 ........
1542 4332 1582 4390 79

190 4436 192 4442 ’
395 4441 597 4520 Apertissime
628 4458 685 4500 nos
709 4438 818 4499 beatus
840 4437 1010 4516 apostolus,
1040 4438 1149 4498 iratres
1180 4438 1341 4512 carissimi,
1372 4438 1406 4496 in
1429 4438 1584 4514 praesenti

303 4548 434 4610 lectione
456 4567 552 4627 quam
575 4546 716 4621 audistis,
741 4547 842 4606 carnis
866 4544 1024 4606 desideriis
1048 4563 1114 4605 non
1137 4543 1246 4605 debere
1270 4545 1391 4605 servire.
1440 4542 1581 4604 Hraban.

304 4656 347 4717 M.
374 4659 447 4730 110,
473 4658 546 4716 aar.
593 4653 630 4716 a.
659 4657 720 4715 rac
791 4699 1465 4717 .............
1537 4653 1577 4710 31

392 4761 603 4841 Apostolicam
632 4759 795 4822 lectionem
824 4779 920 4838 quam
942 4758 1083 4833 audistis,
1115 4757 1309 4819 dilectissimi
1331 4756 1432 4834 nobis,
1466 4757 1584 4817 intueri

304 4874 335 4930 et
357 4868 532 4947 intellegere
554 4867 687 4946 dignum
709 4866 841 4928 videtur.
888 4865 981 4927 Beda.
1028 4867 1062 4928 L.
1089 4869 1140 4927 77.
1173 4865 1225 4942 G.
1251 4868 1315 4925 220
1352 4913 1358 4925 .
1408 4911 1414 4925 .
1463 4912 1469 4924 .
1540 4866 1582 4924 32
