3624 5556
757 433 860 486 'sextus
879 432 994 498 integer.
1454 409 1513 474 109

279 623 309 685 6.
347 621 469 678 Τέκνον
493 636 567 695 μον,
598 606 642 697 μὴ
667 615 756 690 γίνου
780 606 845 689 γόγ-
946 614 975 676 6.
1000 609 1073 675 Noli
1088 609 1159 674 fieri
1181 609 1422 686 murmuriosum
1441 608 1516 688 quia

234 722 357 803 yOOogl·
372 715 487 805 ἐπειδὴ
501 713 611 804 ὁδηγεῖ
624 716 669 789 εἰς
684 712 743 801 τὴν
755 717 846 800 βλοσ-
900 717 990 782 dueit
1005 718 1047 782 ad
1061 716 1327 781 maledictionem.
1356 716 1430 780 NOli
1445 716 1516 781 fieri

183 881 185 885 ,
235 833 372 912 φημίαν,
383 828 466 913 μηδὲ
480 823 646 911 αὐθαδηςλ
654 825 737 910 μηδὲ
748 845 846 907 πονη-
901 825 1007 889 audax
1036 843 1096 888 nee
1118 823 1202 888 male
1225 823 1362 902 sapiens,
1395 823 1515 888 dehis

235 934 380 1018 ρόιμροιν·
406 931 442 998 ἐκ
466 929 526 1018 γὰρ
548 929 672 995 τούτων
689 926 846 995 ἁπάντων
902 930 985 995 enim
1016 930 1162 994 omnibns
1189 929 1429 995 maledictiones
1462 951 1515 996 na-

234 1043 434 1126 βλασφημίαι
457 1044 642 1121 γεννῶνται.
904 1041 1048 1102 scantur.

281 1157 310 1218 7.
353 1142 440 1210 ’Ίσθι
478 1148 514 1211 δὲ
553 1143 669 1230 πραΰς,
707 1141 783 1208 ἐπεὶ
818 1142 847 1206 οἱ
947 1150 976 1211 7.
1001 1143 1205 1208 Estoautem
1222 1148 1421 1221 mansuetae,
1440 1143 1515 1223 quia

236 1263 353 1340 πραεῖς
377 1251 650 1339 κληρονομήσουσι
673 1245 732 1336 τὴν
757 1249 847 1335 γηνῧ.
901 1250 1062 1316 mansneti
1084 1250 1295 1331 possidebunt
1315 1254 1513 1328 (sanctam)

902 1364 1033 1424 temam.

280 1475 310 1537 8.
336 1471 436 1532 Γίνον
451 1463 664 1550 μακρόθνμος
686 1465 740 1527 καὶ
762 1460 848 1547 ἐλεη·
947 1469 976 1530 8.
1001 1464 1083 1528 Esto
1099 1463 1227 1544 patiens
1249 1469 1283 1528 et
1298 1463 1345 1528 tui
1366 1463 1507 1546 negotiia

236 1599 306 1658 μων
334 1577 389 1638 καὶ
418 1571 536 1644 ἄκακος
563 1574 617 1636 καὶ
644 1565 771 1655 ἡσύχιος
794 1572 848 1633 καὶ
900 1573 1003 1636 bonus
1013 1575 1196 1635 attremans
1207 1571 1312 1635 Oinnia
1321 1574 1422 1638 verba
1433 1591 1516 1652 qnae

235 1675 359 1763 ἀγαθὸς
388 1683 442 1744 καὶ
472 1687 600 1764 τρέμων
622 1673 696 1749 τούς
719 1675 849 1757 iO'yOOO4²
902 1679 1004 1744 audiS.

237 1783 290 1852 διὰ
315 1785 448 1863 παντός,
473 1784 526 1858 οὓς
549 1782 696 1870 ἤκουσας.

279 1900 309 1963 9.
338 1889 404 1973 Οὐχ
427 1888 595 1978 ὑψῶσειςδ
617 1887 753 1956 σεαυτὸν
774 1886 849 1954 οὐδὲ
949 1895 979 1958 9.
1005 1893 1077 1955 Νοο
1101 1889 1219 1955 altabis
1243 1895 1278 1956 te
1300 1911 1360 1957 neO
1382 1894 1515 1958 honora-

238 2000 347 2073 δῶσεις
370 2005 409 2088 τῇ
433 2004 524 2088 μαχῇ
548 2017 604 2062 σοο
627 1996 758 2084 θροίσος.
903 1999 953 2062 bis
984 2002 1019 2062 te
1049 1997 1135 2078 apud
1167 1998 1311 2064 homines
1341 2018 1400 2064 nee
1423 1999 1515 2065 dabis

904 2105 1030 2170 animae
1053 2109 1132 2170 tuae
1154 2105 1347 2186 superbiam.

284 2211 331 2280 Oa
360 2211 597 2298 κολληθήσεται
625 2207 645 2297 ἡ
673 2209 766 2298 ψνχη
792 2230 848 2275 σου
949 2213 1022 2275 Νοο
1044 2212 1158 2294 iunges
1186 2216 1220 2277 te
1243 2212 1348 2277 animo
1373 2232 1444 2279 eum
1473 2213 1515 2278 al-

235 2317 319 2405 μετὰ
340 2315 486 2409 ὑψηλῶν,
512 2316 592 2384 α’λλοὶ
613 2315 697 2401 μετὰ
716 2321 849 2383 δικαίων
906 2318 1051 2397 naribus,
1085 2319 1142 2383 sed
1172 2338 1244 2384 enm
1273 2319 1369 2385 iustis
1392 2319 1515 2384 hnmili-

236 2432 290 2492 καὶ
313 2433 480 2492 ταπεινῶν
503 2423 743 2514 α’ναοτραιμηση.
903 2427 1029 2506 busque
1052 2425 1305 2492 conversaberin

283 2541 333 2604 10.
362 2529 412 2598 Τὰ
438 2531 657 2616 συμβαίνοντα
684 2551 734 2596 σοι
762 2530 847 2616 ἐνερ-
950 2536 1000 2598 10.
1034 2531 1125 2614 Quae
1162 2532 1222 2597 tibi
1252 2533 1415 2598 contraria
1445 2552 1515 2598 OOO-

238 2641 365 2728 γηματα
376 2635 536 2721 ῶςᾶγαθολ
548 2637 735 2726 προσδέξηῧ,
748 2637 847 2716 εἰδώς,
902 2639 1044 2720 tingant,
1067 2658 1124 2720 pro
1140 2639 1232 2703 bonis
1245 2639 1392 2720 exeipiOS,
1411 2639 1515 2705 sciens

239 2745 288 2812 ὅτι
312 2747 391 2833 ἄτερ
415 2753 499 2812 θεοῦ
523 2742 617 2810 οὐδὲν
641 2750 764 2826 γίνεται
775 2743 798 2808 ⁶.
902 2745 982 2810 nihil
1006 2745 1074 2809 sine
1098 2746 1157 2811 dea
1180 2745 1260 2810 fieri.

783 2979 890 3060 Caput
912 2979 969 3043 IV.

334 3139 550 3223 OOOMOOO
575 3139 768 3222 Onisann
792 3139 844 3204 sn
868 3139 1018 3205 Onam
1041 3136 1163 3203 nana
1187 3136 1424 3215 OOOnoans,

579 3246 783 3311 mannans
808 3246 864 3309 nn
888 3244 1171 3310 nonnaneos.

285 3414 313 3476 l.
359 3414 482 3472 Τέκνον
520 3429 594 3488 μου,
633 3410 692 3468 τοῦ
718 3404 849 3468 λαλοῦν·
951 3409 979 3471 1.
1013 3405 1076 3486 Qui
1109 3403 1253 3483 loquitur
1287 3404 1347 3469 tibi
1379 3407 1515 3472 Verbum

236 3514 288 3588 τός
332 3533 381 3579 σοι
423 3509 480 3578 τὸν
524 3511 619 3594 λόγον
664 3515 722 3574 τοῦ
767 3515 851 3574 θεοῦ
908 3512 1074 3588 (domini)
1098 3511 1158 3589 dei,
1191 3511 1373 3575 memineris
1404 3511 1455 3576 die
1478 3531 1516 3578 ac

240 3620 410 3709 μνησθηση
433 3615 547 3692 νυκτὸς
570 3621 624 3682 καὶ
647 3611 778 3704 ἡμέρας,
807 3641 850 3680 τι·
906 3624 1010 3698 nocte,
1034 3617 1236 3685 reverebaris
1261 3637 1333 3683 eum
1349 3619 1441 3698 quasi
1464 3619 1516 3683 dO-

239 3728 350 3814 μηοεις
373 3729 409 3792 δὲ
433 3721 531 3790 αὐτὸν
554 3720 595 3798 ῶς
618 3724 743 3808 κύριον·
768 3718 850 3786 ὅθεν
906 3725 1042 3804 minum;
1067 3725 1152 3790 unde
1176 3724 1260 3789 enim
1274 3725 1431 3790 dominica
1446 3745 1516 3806 prO·

237 3830 297 3921 γὰρ
335 3829 354 3919 ἡ
392 3831 539 3919 κοριότης
576 3832 735 3909 λαλεῑται,
783 3826 853 3893 ἐκεῖ
909 3832 1037 3911 cedunt,
1061 3831 1106 3896 ibi
1130 3836 1164 3897 et
1187 3831 1333 3896 dominus
1358 3837 1418 3897 est.

236 3939 343 4027 κύριός
367 3939 463 4005 ἐστιν.

183 4110 184 4114 ,
284 4053 314 4116 2.
345 4043 538 4132 Ἐκζητησεις
564 4039 701 4108 δὲκαθ’
724 4038 850 4128 ἡμέραν
950 4049 979 4111 2.
1004 4045 1146 4126 Require
1171 4050 1281 4110 autem
1304 4045 1404 4112 facies
1428 4065 1516 4112 sanc·

237 4152 277 4219 τὰ
288 4152 450 4239 πρόσωπα
460 4158 523 4217 τῶν
533 4146 643 4232 ἁγίων,
657 4149 711 4213 ἵνα
725 4147 846 4214 ἐπανα-
902 4158 1025 4230 torum,
1072 4158 1110 4218 nt
1156 4157 1190 4217 te
1235 4152 1361 4218 reficias
1407 4152 1515 4220 verbis

237 4267 346 4350 ποῇςο
372 4269 439 4332 τοῖς
462 4257 566 4339 λόγοις
590 4248 707 4320 αὐτῶν.
901 4260 1037 4326 illorum.

330 4488 343 4516 ν
364 4473 408 4542 Cf.
423 4475 530 4540 Seneca,
549 4473 638 4541 Epist.
654 4472 696 4539 14,
711 4473 761 4525 11:
782 4472 847 4525 λααο
868 4471 1046 4541 (eloquentia)
1064 4471 1157 4539 quieta
1170 4476 1195 4524 et
1207 4472 1250 4526 sui
1262 4472 1375 4540 negotii.
1396 4474 1422 4527 O.
1437 4473 1515 4540 Wey·

237 4582 308 4620 man.
345 4559 488 4628 ὓῦψώσει
509 4559 570 4615 Ood.
609 4573 621 4601 ⁰
647 4559 814 4635 ἐπαναπαύῃ
833 4562 949 4626 Bryenn.
969 4558 1132 4630 ἐπαναπαῆς
1153 4558 1214 4613 Ood.

327 4725 337 4755 1
362 4724 403 4777 οε.
429 4723 508 4776 Prov.
529 4723 572 4789 16,
597 4723 639 4775 aa.
665 4722 725 4775 Ιοο.
746 4721 780 4774 16
805 4718 964 4790 μγμοιης.
1022 4717 1092 4772 Ὶοε.
1117 4719 1173 4773 nn.
1199 4721 1224 4786 1,
1244 4720 1273 4782 7;
1300 4720 1407 4776 anea.
1427 4723 1452 4790 a,
1472 4725 1515 4778 10.

238 4814 322 4867 ⁸nt.
342 4813 367 4880 ο,
387 4813 412 4866 4.
434 4812 478 4866 es.
498 4812 541 4879 aa,
562 4813 603 4864 11.
658 4809 733 4865 *On
753 4811 805 4864 ies.
826 4811 868 4878 αα,
888 4811 912 4863 a.
963 4808 1038 4863 ⁶0f.
1058 4809 1108 4862 sn.
1128 4810 1153 4876 α,
1172 4809 1197 4862 4.
1240 4808 1316 4862 σοι,
1340 4811 1389 4865 αι.
1410 4813 1452 4879 10,
1472 4813 1515 4866 aa.
1563 4842 1565 4847 s

237 4909 315 4962 Rom.
334 4907 359 4974 8,
379 4902 421 4958 28.
