3624 5556
306 375 368 439 116
853 392 1029 447 Documenta.

393 575 422 637 9.
448 572 513 634 Καὶ
540 575 606 642 πᾶς
628 569 797 657 προφήτης
822 565 949 654 ὁρίζωνι
971 570 1136 655 τράπεζαν
1160 569 1196 639 ἐν
1217 569 1393 654 πνεύματι,
1418 569 1456 636 ού
1480 571 1576 654 φύγε-

302 699 358 740 ται
381 672 439 739 ἀπ’
466 673 576 762 αύτής·
602 676 633 741 εἰ
655 679 690 742 δὲ
713 676 805 763 μήγε,
830 675 1106 764 ψευδοπροφήτης
1130 675 1207 743 ἐστί.

393 789 444 854 10.
470 787 540 855 Πᾶς
564 785 599 848 δὲ
625 783 792 870 προφήτης
816 781 973 849 διδᾶσκων
1000 780 1059 870 τήν
1084 781 1255 871 ἀλήθειαν,
1280 785 1311 850 εἰ
1336 782 1358 850 δι’
1381 784 1522 850 διδάσκει
1543 782 1582 850 ού

301 898 405 967 ποιεῖ,
429 889 706 977 ψευδοπροφήτης
730 888 807 955 ἐστί.

396 1001 445 1064 11.
482 1000 552 1069 Πᾶς
585 998 621 1062 δὲ
658 995 825 1084 προφήτης
856 999 1125 1080 δεδοκιμασμένος
1164 995 1334 1085 ἀληθινός,
1369 1005 1475 1066 ποιων
1510 999 1581 1072 είςδ

300 1100 478 1188 μυστήριον
495 1099 681 1186 κοσμικόν1
709 1101 887 1190 ἐκκλησίας,
919 1101 963 1192 μή
997 1103 1152 1198 διδάσκων
1184 1107 1220 1170 δὲ
1251 1115 1361 1170 ποιεῖν
1393 1102 1451 1170 ὅσα
1485 1102 1580 1178 αὐτὸς

302 1218 405 1287 ποιεῖ,
439 1206 477 1274 ού
508 1209 699 1296 κριθήσεται
729 1209 780 1293 ἐφ’
806 1207 915 1294 ὑμῶν·
962 1207 1046 1294 μετὰ
1074 1217 1161 1278 θεοῦ
1193 1208 1253 1298 γᾶρ
1282 1211 1349 1294 ἔχει
1378 1208 1438 1299 τήν
1461 1217 1579 1298 κρίσιν·

302 1311 451 1388 ὡσαύτως
474 1311 534 1402 γὰρ
558 1315 717 1404 ἐποίησαν
740 1320 794 1382 καῖ
818 1317 847 1381 οῖ
870 1315 999 1404 ᾶρχαῖοι
1023 1325 1201 1405 προφῆται.

395 1429 446 1492 12.
465 1420 521 1496 Ὃς
544 1425 570 1488 δ
595 1417 636 1488 ἄν
660 1423 739 1513 εἴπη
763 1421 799 1488 ἐν
815 1423 996 1508 πνεύματϊ
1021 1424 1086 1498 Δός
1099 1450 1155 1508 μοι
1177 1422 1315 1512 α’ργύρια
1338 1418 1358 1512 ή
1382 1424 1479 1512 ἕτερον’
1496 1449 1580 1504 τινα,

304 1527 362 1594 ούκ
378 1527 558 1596 ἀκούσεσθε
582 1529 695 1595 αύτοᾶ·
725 1527 783 1596 εὀὶν
807 1533 842 1596 δὲ
870 1535 947 1615 περὶ
976 1530 1081 1596 ἄλλων
1105 1528 1325 1618 ᾶστερούντων
1355 1533 1435 1622 εἴπη
1458 1536 1580 1614 δοῦναι,

305 1639 416 1723 μηδεὶς
439 1633 537 1702 αὐτὸν
560 1645 705 1721 κρινέτω.

839 1871 945 1954 Caput
968 1873 1045 1939 XII.

473 2035 534 2100 DE
559 2031 920 2099 SUSTENTATIONE
943 2033 1160 2099 FRATRUM
1183 2032 1412 2099 VAGORUM.

394 2199 422 2261 1,
463 2197 533 2265 Πᾶς
560 2193 595 2256 δὲ
624 2185 831 2277 ὃέρχύμενος
860 2188 896 2255 ἕν
926 2187 1060 2273 ὀνόματι
1092 2190 1224 2276 κυρίου2
1257 2189 1423 2277 δεχθήτω,
1460 2189 1579 2256 ἔπειτα

306 2301 341 2366 δὲ
369 2297 599 2382 δοκιμάσαντες
629 2295 727 2363 αὐτὸν
756 2296 930 2380 γνιύσεσθε.
977 2297 1104 2363 σύνεσιν
1136 2293 1196 2383 γὰρ
1227 2295 1350 2374 ἓξετεθ,
1388 2295 1497 2374 δεξιὰν
1528 2300 1583 2363 καί

306 2405 487 2494 ᾶριστερύν.

395 2520 424 2582 2.
464 2513 506 2579 Εί
532 2515 594 2596 μὲν
625 2510 780 2598 παρόδιός
811 2509 898 2577 ἐστιν
928 2507 945 2576 δ
975 2509 1163 2597 ἐρχόμενος,
1203 2516 1355 2598 βοηθεῖτε
1388 2509 1475 2599 αὐτῷ
1507 2507 1582 2576 ὅσον

305 2619 463 2686 δύνασθε·
495 2616 532 2684 ού
555 2628 651 2702 μενεῖ
672 2620 707 2684 δὲ
734 2614 815 2705 πρὸς
845 2615 928 2701 ὑμᾶς
951 2618 980 2683 εἰ
1007 2615 1052 2704 μὴ
1075 2616 1131 2683 δύο
1162 2611 1289 2705 ήτρεῖς
1313 2615 1444 2705 ήμὲρας,
1478 2615 1537 2684 ἐὰν
1562 2605 1582 2706 ή

306 2725 441 2813 ἀνάγκη.
871 2732 873 2736 ”

395 2842 424 2904 3.
460 2833 501 2899 Εί
521 2834 557 2898 δὲ
579 2834 674 2898 θέλει
698 2829 779 2916 πρὸς
801 2826 885 2914 ὑμᾶς
908 2835 1111 2918 καθήσθωιᾱ,
1142 2838 1288 2920 τεχνίτης
1310 2829 1366 2911 ὤν,
1401 2831 1583 2917 ἐργαζὲσθω

306 2945 360 3006 καὶ
384 2947 523 3024 φαγέτω.

307 3160 376 3227 πῶς
399 3151 444 3240 μή
467 3150 560 3239 ἀργὸς
584 3155 660 3236 μεθ’
687 3148 777 3236 ὑμῶν
800 3151 926 3240 ζήσεται
948 3153 1136 3239 χριστιανύς.

396 3268 425 3331 5.
450 3260 490 3326 Εί
516 3262 542 3325 δ’
568 3258 606 3325 οὐ
633 3261 728 3326 θέλει
758 3257 842 3325 οὕτω
869 3270 989 3340 ποιεῖν,
1020 3259 1256 3347 χριστέμπορός
1285 3257 1369 3325 ε’στι·
1402 3267 1580 3346 προσέχετε

308 3365 375 3434 ᾶπό
398 3375 463 3433 τῶν
486 3366 652 3433 τοιούτων.

833 3600 939 3682 Caput
962 3601 1057 3665 ΧΠΙ.

308 3763 369 3828 DE
397 3762 612 3827 PRIMITIIS
637 3760 922 3839 DOOTORIBUS,
954 3760 1202 3826 PROPHETIS
1224 3761 1282 3826 ΕΤ
1305 3760 1585 3826 PAUPERIBUS
1673 3755 1675 3760 ’

789 3867 1099 3933 PORRIGENDIS.

313 4032 314 4036 ’
399 4033 428 4095 1.
468 4032 539 4099 Πᾶς
562 4029 598 4092 δὲ
628 4023 797 4112 προφήτης
821 4021 985 4112 α’ληθινύς,
1019 4026 1128 4090 θέλων
1160 4029 1359 4112 καθῆσθαι(ἱ
1384 4021 1466 4110 πρὸς
1490 4019 1584 4108 ὑμᾶς,

310 4131 395 4210 ἄξιός
419 4131 486 4198 ε’στι
508 4139 564 4219 τής
586 4138 706 4219 τροφής
730 4129 840 4197 αύτοᾶ.

399 4246 429 4308 2.
451 4234 617 4312 Ὡσαύτως
637 4237 823 4312 διδάσκαλος
842 4237 998 4325 α’ληθινύς
1022 4237 1108 4304 ἔστιν
1131 4237 1217 4316 ἄξιος
1239 4242 1296 4304 καὶ
1317 4235 1412 4312 αὐτὸς
1434 4235 1544 4324 ὥσπερ
1565 4233 1585 4302 ὁ

311 4344 443 4433 ἐργάτης
465 4353 519 4434 τής
542 4352 661 4433 τροφῆς
686 4344 785 4411 αύτοᾶ
795 4345 817 4411 ³.

399 4537 412 4566 ⁵
435 4522 530 4598 ὁρίζων
542 4527 700 4593 Bryennios,
716 4524 777 4580 0001.
797 4523 811 4578 ὁ
831 4523 918 4598 ῥίζων.
946 4527 961 4566 b
980 4524 1009 4579 τὸ
1026 4529 1090 4594 post
1108 4527 1146 4586 εἰς
1162 4525 1338 4580 inserendum
1351 4528 1438 4580 ταιοιί
1449 4525 1586 4592 Hamack,

309 4613 355 4668 sed
373 4614 456 4669 etiam
473 4617 520 4686 τής
538 4615 709 4670 desideratur
734 4618 798 4669 ante
816 4613 962 4686 ἐκκλησίας,
986 4614 1073 4668 sileio
1091 4614 1123 4669 de
1141 4615 1318 4669 ιααῖνῖιαοαίο
1337 4613 1438 4685 αφλίαν.
1476 4625 1488 4654 0
1514 4611 1586 4670 ἕξετε

310 4705 468 4772 Bryennios,
490 4703 551 4759 Ood.
571 4702 667 4761 ἕξεται.
705 4707 720 4746 <1
738 4705 835 4758 Hatris
852 4703 953 4758 νοοίίιιο
970 4705 1122 4774 καθήσθαι,
1146 4705 1295 4771 Bryennios
1313 4705 1443 4774 καθήσαι.

402 4866 410 4896 1
430 4867 470 4921 αι.
489 4867 570 4920 Ητω.
584 4867 609 4932 ο,
623 4866 647 4918 1.
686 4864 763 4919 ἰιι
778 4865 820 4932 21,
833 4866 858 4918 ο.
896 4864 907 4894 ⁸
926 4825 1094 4931 Mt.⁴10,10;
1115 4867 1148 4917 ιι.
1164 4865 1250 4918 τοο.
1264 4864 1290 4932 ο,
1309 4865 1404 4918 4-15.
