3624 5556
719 421 805 476 Initia
823 421 1012 476 Homiliarnm.
1443 404 1503 468 131

319 604 497 683 Apostolica
511 623 570 666 nos
589 605 691 681 verba,
712 605 820 666 iratres
836 605 997 678 carissimi,
1021 601 1213 664 considerare
1229 606 1348 680 oportet
1370 620 1449 678 quac
1471 603 1506 660 in

229 714 383 790 praesenti
406 711 537 772 lectione
559 711 747 773 audivimus.
788 712 825 773 G.
853 715 915 772 144
941 757 1392 772 .........
1464 711 1504 766 28

319 809 516 896 Apostolum,
540 837 613 879 cum
635 819 785 898 legeretur
800 818 939 897 epistola,
963 817 1118 878 dicentem
1140 816 1282 878 audistis.
1319 814 1504 876 Videte...

229 925 395 987 ambuletis
420 975 426 987 .
447 974 479 987 ..
504 928 670 1005 sapientes.
709 925 796 987 Unde
812 927 1001 986 exercitatos.
1028 925 1196 1002 Augustin.
1214 925 1250 1002 (1)
1274 921 1366 984 Beda.
1398 923 1432 984 L.
1452 925 1503 982 84.
1527 915 1529 920 ’

230 1033 272 1095 M.
299 1037 350 1108 38,
377 1036 450 1095 909.
484 1037 657 1109 39,1964.
706 1033 742 1094 G.
769 1037 831 1093 241
888 1078 1393 1092 ..........
1464 1033 1504 1089 33

318 1140 470 1216 Α111115315,
493 1141 611 1216 irenes,
642 1142 677 1202 in
700 1140 828 1220 epistola
851 1159 923 1201 curn
946 1138 1104 1216 legeretur,
1135 1135 1312 1216 apostolum
1334 1135 1505 1196 dicentem:

230 1247 301 1306 Non
324 1267 491 1310 densamus,
539 1248 576 1309 G.
602 1251 664 1308 251
721 1291 1393 1310 .............
1464 1245 1505 1304 33

319 1354 460 1415 Audistis
490 1357 525 1414 in
556 1354 685 1433 epistola
708 1373 781 1414 omn
807 1351 966 1432 legeretur,
997 1353 1105 1412 fratres
1131 1352 1298 1425 carissimi,
1330 1350 1505 1410 Iohannem

230 1460 407 1538 apostolum
429 1481 486 1522 nos
509 1462 726 1522 instruentem.
774 1463 943 1538 Augustin.
990 1460 1026 1520 G.
1055 1463 1117 1519 124
1166 1506 1393 1519 .....
1464 1460 1504 1516 27

319 1566 461 1628 Audistis
491 1569 526 1627 in
555 1568 686 1629 lectione
715 1568 895 1646 prophetica
923 1567 1094 1628 adventum
1124 1565 1253 1626 Domini
1284 1563 1443 1625 salvatoris
1473 1564 1507 1622 in

230 1674 316 1734 hunc
339 1673 497 1734 mundum
520 1674 560 1734 ad
582 1675 829 1754 redemptionem
852 1679 1000 1735 nostram.
1044 1673 1268 1751 Hieronymus.
1308 1671 1349 1731 M.
1376 1673 1427 1744 24,
1453 1673 1505 1730 43.

228 1781 262 1842 L.
290 1785 340 1842 11.
374 1781 411 1842 G.
437 1785 500 1841 269
550 1826 1390 1843 ................
1461 1780 1502 1837 34

319 1886 433 1947 Audite
448 1887 557 1948 fratres
573 1890 733 1962 carissimi,
751 1887 907 1966 quomodo
923 1906 1074 1966 magnum
1090 1886 1264 1966 periculum
1279 1890 1334 1946 est.
1366 1883 1505 1944 Hraban.

229 1993 272 2054 M.
300 1997 372 2068 110,
400 1997 470 2054 125-
502 2041 1394 2056 .................
1466 1993 1507 2051 85

320 2100 444 2174 Audite,
461 2101 569 2162 tratres
582 2102 743 2177 carissimi,
761 2104 875 2181 pariter
889 2107 920 2163 et
934 2101 1097 2179 intelligite
1109 2101 1147 2161 dc
1159 2101 1257 2162 salute
1273 2101 1396 2160 animae
1465 2101 1506 2158 84

319 2216 444 2291 Audite,
468 2217 586 2314 fratres,
611 2222 642 2278 et
664 2219 814 2279 attentius
838 2219 986 2295 cogitetis,
1011 2215 1095 2294 quod
1118 2219 1152 2276 in
1175 2216 1331 2294 baptismo
1354 2213 1506 2275 abrenun-

230 2323 340 2384 tiastis.
387 2324 563 2385 Bonifatius
611 2372 1117 2386 ..........
1123 2325 1126 2330 '
1167 2370 1394 2384 .....
1466 2324 1505 2380 37

319 2439 435 2501 Audite
458 2445 488 2500 53
510 2439 681 2518 intelligite,
707 2442 867 2515 carissimi,
891 2441 950 2501 hoc
974 2445 1020 2501 est
1042 2439 1172 2500 verbum
1194 2438 1274 2501 fidei.
1321 2437 1507 2498 Bonifatius.

231 2545 273 2606 M.
300 2549 351 2621 89,
377 2549 440 2607 855
501 2593 1395 2609 .................
1466 2546 1508 2604 80

319 2662 508 2723 Audivimus
531 2665 566 2722 in
589 2663 720 2724 lectione
743 2665 931 2743 prophetica,
962 2664 1070 2724 1153155
1094 2662 1255 2736 carissimi,
1287 2665 1428 2722 orantem
1451 2679 1506 2739 pro

232 2785 263 2827 se
287 2773 317 2828 53
340 2788 395 2846 pro
418 2769 533 2848 populo
557 2789 614 2831 suo
637 2771 808 2832 Danielem.
855 2772 1078 2849 Hieronymus.
1126 2769 1162 2836 G.
1188 2772 1228 2829 96
1277 2817 1283 2829 .
1333 2817 1339 2828 .
1389 2817 1394 2829 .
1466 2771 1506 2827 26

320 2885 408 2944 Beati
436 2885 613 2961 Laurentii,
644 2887 753 2947 iratres
784 2887 952 2960 carissimi,
983 2885 1076 2946 hodie
1106 2885 1184 2946 iesta
1214 2883 1421 2958 celebramus,
1454 2885 1508 2962 qui

231 2988 330 3050 fidelis
353 2991 501 3053 inventus
517 2998 564 3054 est
579 2993 783 3073 dispensator.
814 2994 991 3055 Hrabanus.
1017 2994 1059 3054 M.
1080 2996 1152 3067 110,
1170 2996 1245 3052 431.
1278 2992 1315 3053 G.
1333 2995 1396 3051 206
1468 2994 1507 3051 31

318 3106 574 3168 Beatissimorum
604 3129 639 3169 ac
662 3110 840 3188 principum
863 3109 1073 3188 apostolorum
1101 3109 1181 3168 Petri
1209 3112 1240 3168 et
1266 3107 1363 3181 Pauli,
1395 3108 1504 3168 iratres

232 3214 393 3288 carissimi,
425 3214 573 3292 gloriosae
596 3218 750 3294 passionis
774 3217 858 3277 diem
880 3216 997 3277 festum
1019 3215 1112 3276 hodie
1136 3213 1324 3275 celebramus
1389 3263 1394 3274 .
1466 3218 1507 3275 38

319 3331 576 3392 Beatissimorum
591 3332 801 3411 apostolorum
823 3335 936 3412 passio,
959 3333 1067 3393 fratres
1083 3332 1243 3402 carissimi,
1268 3349 1402 3408 quorum
1417 3329 1510 3390 hodic

231 3435 368 3497 natalem
402 3437 581 3528 solemniter
614 3437 820 3514 celebramus,
853 3441 974 3500 cunctis
1009 3443 1056 3500 est
1084 3427 1267 3498 honoranda
1301 3425 1507 3497 credentibus.

232 3543 566 3607 Μ511.Τ5111.11.71,
606 3547 642 3608 G.
669 3550 733 3608 280
781 3592 1396 3608 ............
1468 3547 1508 3604 35

319 3661 434 3722 Beatus
458 3661 616 3740 apostolus
640 3662 764 3737 Paulus,
796 3681 869 3723 cum
892 3682 949 3724 nos
974 3662 1120 3723 omnibus
1145 3661 1256 3754 debitis
1280 3660 1436 3720 docuisset
1458 3660 1507 3720 ab·

231 3766 319 3841 solvi,
344 3767 939 3831 5515115515535555511353151153135.
974 3771 1008 3830 L.
1036 3773 1087 3830 58.
1124 3769 1160 3830 G.
1187 3771 1228 3829 35
1278 3815 1283 3828 .
1333 3816 1339 3828 .
1389 3783 1410 3827 .’
1466 3771 1506 3828 23

319 3885 434 3945 Beatus
464 3885 623 3964 apostolus
653 3885 768 3955 Paulus
798 3888 833 3945 in
863 3886 1019 3964 praesenti
1048 3884 1179 3968 lectione
1196 3885 1314 3970 ¹gratias
1339 3883 1395 3944 deo
1418 3883 1510 3944 refert

231 3992 441 4069 omnipotenti
464 4013 519 4072 pro
542 3993 700 4074 iratribus.
739 3993 833 4054 Beda.
872 3994 906 4055 L.
932 3996 983 4054 81.
1024 3993 1061 4078 G.
1088 3996 1150 4052 233
1222 4039 1228 4053 .
1278 4040 1284 4052 .
1334 4039 1339 4051 .
1390 4039 1396 4052 .
1466 3994 1506 4052 33

321 4109 460 4170 Breviter
474 4111 590 4184 omnia,
614 4111 743 4189 quaein
760 4109 900 4188 symbolo
917 4111 1128 4183 continentur,
1145 4107 1324 4186 complexus
1341 4107 1515 4176 553Ρ531115Ι

232 4215 390 4292 apostolus
412 4218 448 4276 in
469 4217 601 4278 lectione
624 4219 788 4296 praesenti.
824 4216 963 4277 Hraban.
1001 4217 1043 4278 M.
1071 4219 1144 4290 110,
1172 4219 1244 4276 143.
1277 4214 1314 4275 G.
1336 4217 1396 4274 117
1468 4217 1508 4273 27
1552 4209 1555 4216 ’

322 4333 510 4406 Carissimi,
528 4333 600 4394 licet
628 4333 719 4394 nobis
750 4332 788 4394 de
819 4331 1029 4407 solemnitate,
1061 4351 1156 4409 quam
1186 4329 1279 4390 hodie
1308 4328 1509 4402 celebramus,

232 4437 319 4499 vobis
342 4438 463 4517 aliquid
488 4459 628 4502 enarrare
668 4483 1397 4506 ..............
1469 4438 1510 4496 84

321 4556 499 4621 Celebratur
520 4557 606 4635 apud
627 4575 686 4618 nos
707 4555 810 4631 hodic,
834 4556 1037 4629 dilectissimi,
1062 4558 1188 4614 octavus
1204 4553 1270 4614 dies
1294 4551 1509 4612 solemnitatis

231 4663 454 4742 Hieronymus.
502 4664 538 4726 G.
567 4667 627 4725 156
670 4709 1230 4726 ...........
1239 4690 1241 4695 ·
1272 4708 1286 4720 ··
1337 4708 1342 4720 -
1392 4707 1396 4718 ·
1469 4661 1511 4734 30

322 4780 533 4856 Celeberrime,
549 4782 657 4842 iratres
669 4781 873 4854 dilectissimi,
890 4799 944 4858 per
960 4781 1126 4858 scripturas
1143 4783 1266 4838 sanctas
1276 4776 1392 4838 Christi
1408 4775 1511 4852 passio

232 4892 271 4948 et
285 4891 465 4950 resurrectio
487 4888 604 4966 ubique
627 4891 900 4966 praemonstratur.
940 4888 974 4947 L.
1002 4890 1053 4946 61.
1093 4886 1130 4946 G.
1158 4887 1220 4944 120
1280 4933 1286 4944 .
1336 4929 1342 4944 .
1392 4935 1398 4948 ,
1469 4885 1509 4941 27

1314 4987 1352 5041 9*
